2942 4608
230 366 235 381 ..
268 310 371 382 400
666 296 922 380 CICERONIS

270 477 444 545 mendicum
466 487 523 543 est.
562 475 643 542 lllud
664 497 773 542 rursus
795 479 905 563 ipsum,
927 476 1010 562 quod
1030 474 1155 541 tradunt
1176 477 1239 554 isti,
1265 478 1330 563 qui

268 595 448 683 profitentur
474 615 508 660 se
536 594 661 662 dicendi
687 597 871 679 magistros,
897 613 961 659 non
986 592 1112 659 multum
1139 603 1188 660 est
1213 596 1329 660 maius

270 733 363 800 quam
393 713 472 779 illud
497 713 628 797 uulgare
660 733 698 778 ac
730 712 866 778 forense.
920 711 1083 797 Apparatu
1112 710 1206 777 nobis
1237 731 1327 798 opus

269 841 324 897 ost
343 841 375 899 et
399 830 494 897 rebus
521 833 683 917 exquisitis
711 830 846 916 undique
873 829 1017 921 pinctis
1044 831 1206 917 arcessitis
1229 848 1321 923 equu-

268 950 414 1035 portatis,
446 959 478 1013 ut
503 926 575 1025 tibi,
604 946 738 1025 Caesar,
765 947 944 1013 faciendum
970 957 1018 1012 est
1046 946 1088 1011 ad
1115 965 1249 1024 annum3
1283 957 1322 1012 ut

269 1085 330 1150 ego
352 1069 386 1130 in
407 1064 567 1130 aedilitate
589 1065 743 1141 laboravi,
766 1064 849 1151 quod
870 1064 1060 1149 quotidianis
1083 1073 1113 1129 et
1133 1063 1320 1131 remaculis

268 1182 363 1265 relius
396 1182 582 1249 satisfacere
615 1203 663 1248 me
690 1202 785 1269 posse
816 1181 888 1248 huic
920 1181 1033 1268 populo
1065 1202 1129 1246 non
1155 1181 1315 1268 putabam.

267 1301 319 1365 93.
348 1298 521 1366 Verborum
548 1299 763 1385 eligendorum
790 1308 821 1363 ct
847 1298 1102 1385 collocandorum
1130 1308 1160 1363 et
1186 1299 1318 1383 conciu-
1374 1286 1378 1299 '

268 1418 439 1509 dendorum
465 1417 571 1483 facilis
599 1427 648 1482 est
672 1417 724 1483 uel
744 1419 825 1482 ratio
852 1417 905 1482 rel
931 1418 999 1481 sine
1021 1418 1143 1481 ratione
1166 1418 1237 1502 ipsa
1258 1436 1315 1480 er-

268 1537 420 1600 crcitatio.
475 1533 589 1600 Rerum
620 1544 669 1601 est
700 1534 783 1601 silua
814 1553 943 1618 magna,
976 1552 1068 1618 quam
1100 1552 1168 1598 cum
1197 1532 1312 1599 Graeci

232 1674 235 1680 ’
268 1655 332 1718 iam
363 1671 427 1717 non
456 1661 597 1717 tenerent
634 1651 673 1717 ob
706 1671 836 1736 eamque
871 1670 999 1717 causam
1031 1653 1172 1716 iuuentus
1203 1661 1313 1716 nostra

208 1861 211 1866 -
268 1771 445 1837 dedisceret
465 1789 571 1857 paene
599 1769 764 1847 discendo,
792 1771 887 1834 etiam
911 1765 1033 1844 Latini,
1066 1769 1094 1831 si
1123 1768 1171 1832 dis
1200 1767 1311 1855 placet,

238 1911 244 2001 q
266 1888 328 1955 hoc
348 1889 476 1954 biennio
494 1889 637 1972 magistri
655 1886 779 1952 dicendi
801 1887 996 1962 exstiterunt3
1018 1904 1177 1971 quoscgo
1200 1905 1312 1952 censor

225 2012 243 2053 κ’
268 2005 370 2070 edicto
399 2022 469 2069 mco
496 2003 698 2081 sustuleram,
726 2022 789 2068 non
816 2023 876 2087 quo
900 2004 945 2083 (ut
969 2004 1078 2067 nescio
1105 2022 1184 2088 quos
1206 2002 1308 2068 dicere

268 2120 408 2201 aiebant)
437 2121 507 2185 acui
534 2118 677 2204 ingenia
691 2119 935 2184 adolescentium
962 2119 1108 2196 nollems
1121 2119 1177 2184 sed
1205 2128 1333 2186 contra·

266 2238 396 2322 ingenia
418 2235 545 2302 obtundi
566 2236 652 2302 nolui
670 2236 870 2302 corroborari
891 2234 1120 2322 impudentiam.
1158 2236 1209 2302 94.
1232 2235 1308 2302 Nom

268 2355 350 2442 apud
378 2353 753 2448 Graecos‚cuicuimodi
781 2364 901 2427 essent.
931 2353 1078 2443 videbam
1094 2347 1210 2419 'tamen
1238 2374 1306 2422 esso

265 2482 390 2560 praeter
407 2470 489 2538 hanc
505 2473 760 2537 exercitationem
779 2471 907 2556 linguae
929 2470 1102 2537 doctrinam
1123 2471 1260 2557 aliquam
1280 2481 1308 2537 et

267 2721 397 2775 saneque
414 2703 594 2772 mendicum]
611 2706 651 2758 sic
667 2705 775 2758 correxi
793 2705 931 2775 vulgatum
949 2720 1022 2758 sane
1038 2710 1127 2773 atque
1143 2704 1307 2757 mendicum

266 2808 302 2845 ex
313 2790 364 2861 Lg.
378 2789 504 2843 omnihus
521 2798 548 2843 et
561 2788 613 2843 Gu.
626 2788 663 2855 2.,
681 2789 763 2859 idque
780 2789 817 2842 ad
829 2790 992 2843 sententiam
1005 2789 1088 2858 longe
1106 2787 1201 2842 lortius
1214 2799 1263 2843 est.
1273 2818 1307 2829 -
1390 2780 1398 2801 ⁸

265 2892 326 2929 non
340 2873 479 2940 multum]
497 2889 555 2926 non
571 2873 675 2937 multo,
693 2873 768 2943 quod
785 2890 852 2926 sanc
865 2873 998 2935 usitatius,
1016 2872 1079 2924 edd.
1095 2874 1228 2941 quaedum
1241 2881 1305 2927 vett.

265 2968 293 3013 et
311 2958 464 3011 Lambinus.
482 2987 518 2997 —
546 2958 676 3029 undique
695 2957 837 3024 collectio]
862 2957 944 3027 vulgo
969 2956 1089 3009 additum
1110 2962 1140 3008 el
1162 2966 1225 3011 ante
1248 2957 1304 3010 col-

259 3040 366 3105 lectis,
391 3049 466 3093 recte
486 3057 522 3093 cx
539 3042 611 3096 coni.
630 3042 769 3095 Sclruetnii
787 3042 915 3093 omissum
932 3041 966 3094 ab
985 3038 1108 3106 orettto,
1130 3041 1209 3094 abest
1227 3042 1304 3095 etlam

264 3126 299 3180 ul)
317 3124 405 3178 llovn.
418 3124 443 3178 2.
457 3143 480 3178 s.
491 3137 522 3193 ψ.
544 3124 601 3179 Erl.
619 3125 669 3195 Lg.
682 3126 706 3179 3.
722 3127 746 3180 l.
768 3125 807 3178 15.
822 3126 862 3180 16,
877 3126 917 3179 17.
936 3125 977 3179 26.
992 3126 1035 3179 21.
1054 3124 1096 3180 32.
1116 3125 1160 3179 86.
1197 3126 1303 3195 Quippe

263 3228 308 3266 res
326 3208 454 3279 undiquc
472 3213 591 3279 exquiri
607 3227 661 3262 nou
679 3219 808 3279 possunt,
827 3210 928 3281 colllpt
944 3219 1066 3280 possunt.
1084 3238 1119 3249 -
1143 3208 1303 3274 accersitio]

263 3296 316 3362 sic,
335 3303 365 3349 ut
383 3295 473 3348 solent
492 3294 558 3348 boui
576 3293 652 3359 libri,
670 3293 716 3346 hic
732 3294 803 3348 Vict.
825 3294 877 3348 Gn.
890 3293 915 3348 2.
936 3293 986 3364 Lg.
1002 3293 1028 3369 3.
1047 3293 1064 3345 5
1082 3294 1186 3361 (ade).
1210 3294 1249 3347 lt.
1268 3292 1304 3345 15.

266 3381 306 3435 16.
332 3379 371 3432 17.
395 3378 437 3433 26.
461 3378 502 3432 21.
522 3378 563 3433 23.
584 3377 626 3432 24.
651 3377 693 3431 32.
716 3378 758 3432 65.
777 3378 820 3432 67.
838 3378 880 3432 ds.
901 3379 942 3433 76.
963 3378 996 3432 73
1014 3379 1118 3447 (ado).
1138 3376 1180 3432 76.
1204 3376 1245 3432 dl.
1264 3376 1304 3431 36.

263 3482 291 3518 v.
304 3464 339 3516 ad
351 3461 384 3516 11.
399 3462 442 3528 27,
455 3461 511 3517 117.
526 3490 561 3504 —-
582 3463 778 3534 quotidianis]
796 3463 958 3517 cotidianis
976 3472 1003 3516 et
1022 3463 1123 3535 cottid.
1142 3460 1191 3533 ng.
1207 3461 1250 3516 65.
1263 3460 1304 3515 61.

263 3548 334 3602 Vict.
352 3575 387 3588 —-
414 3565 460 3600 mc
474 3564 562 3618 posse
579 3546 658 3615 duic]
678 3548 733 3602 inv.
753 3547 804 3619 Lg.
823 3547 865 3602 21,
886 3548 927 3602 76.
960 3565 1051 3621 posse
1069 3565 1121 3601 om.
1140 3547 1182 3600 76.

349 3631 390 3687 63.
428 3633 476 3686 dds
489 3632 608 3705 placed]
631 3632 671 3686 sic
688 3634 785 3702 scripsi
805 3649 840 3686 ex
857 3632 907 3703 ug.
927 3633 952 3686 5.
972 3634 995 3685 4.
1015 3632 1058 3686 15.
1080 3631 1118 3686 16.
1140 3630 1183 3684 21.
1202 3630 1244 3684 23.
1263 3629 1302 3681 24.

264 3718 305 3774 32.
326 3717 366 3771 76.
386 3716 428 3771 33.
448 3718 600 3785 codemque
618 3719 688 3771 redit
707 3718 845 3791 displicet
861 3718 889 3770 in
907 3716 960 3770 Gn.
976 3716 997 3771 1,
1016 3716 1042 3771 2.
1061 3744 1096 3757 -
1117 3713 1303 3780 sustollerem]

264 3802 461 3893 sqtsroteram
477 3811 556 3856 sueto
573 3803 673 3857 mendo
692 3801 742 3872 Lg.
764 3803 803 3858 ld.
825 3803 865 3857 15.
886 3802 927 3857 16.
947 3800 987 3855 17.
1006 3800 1049 3855 21.
1067 3799 1101 3853 23
1114 3815 1186 3854 corr.
1205 3798 1248 3853 81.
1264 3796 1302 3851 sl.

247 3888 316 3941 IGu.
338 3887 391 4024 ¹ild.
429 3971 627 4037 cuicuimodi]
650 3971 690 4023 sic
712 3966 790 4023 Mon.
815 3969 909 4024 bamb.
932 3968 1030 4023 Pcarc.
1055 3967 1120 4021 Sch.
1138 3965 1237 4020 Murcll.
1258 3963 1302 4019 ttr.

264 4055 362 4115 iterim
382 4071 409 4106 v.
430 4053 599 4105 Gronovlum
618 4053 653 4106 ad
671 4053 741 4106 Gell.
756 4053 792 4111 N.
806 4054 862 4107 Att.
879 4053 910 4108 ll.
925 4054 950 4108 8.
975 4051 1155 4121 Oudendorp.
1174 4050 1210 4103 ed
1228 4049 1302 4103 Orco.

263 4135 298 4189 B.
316 4136 375 4190 Civ.
397 4134 442 4191 ΙΙΙ.
462 4136 511 4201 32,
529 4136 554 4190 2.
589 4136 753 4205 Quanquam
777 4154 812 4190 ex
830 4137 872 4192 lris
896 4148 924 4194 et
948 4137 1008 4192 aliis
1030 4136 1097 4191 nihil
1121 4137 1192 4190 ultro
1210 4135 1302 4197 discos,
