2942 4608
278 329 378 402 m
500 379 514 431 ·.
537 356 541 371 ν
676 322 930 392 CICERONIS

279 496 492 573 moderantur
527 504 560 578 nt
587 513 704 563 rerum
722 505 755 565 nt
781 436 987 582 personarunt
1016 434 1185 577 dignitates
1213 491 1338 598 ferunt,

280 617 305 680 ii
331 624 402 680 runt
428 615 526 679 ineo
552 632 669 697 genere
695 612 847 679 laudandi
872 611 992 689 lendis,
1006 611 1107 697 qnod
1133 629 1194 695 ego
1215 620 1351 704 np-tn-m,

279 742 313 809 ,et
334 749 510 815 congruens
531 732 667 796 nomino.
709 728 761 795 54.
788 728 850 809 Qui
874 732 919 795 ita
940 729 1092 805 dicerent,
1120 747 1176 793 eos
1198 729 1339 811 negavit

282 848 384 917 edhnc
411 868 447 914 se
465 836 592 913 'vidisse
619 846 775 913 Antonino
806 856 837 913 et
855 845 990 919 iic-hoc
1015 865 1130 911 nomen
1155 844 1233 910 dixit
1260 843 1337 910 clo·

284 960 429 1054 quentiae
456 963 535 1030 solis
563 983 636 1030 esse
663 963 868 1031 tribuendum.
912 962 1018 1043 Quare
1045 980 1154 1029 ornnes
1175 963 1255 1027 istos
1277 981 1335 1027 nne

284 1093 411 1149 anctore
429 1080 566 1148 deridete
587 1091 679 1167 etque
695 1083 890 1158 contemnite,
912 1082 965 1166 qni
982 1100 1018 1145 se
1033 1078 1153 1156 horum,
1176 1080 1230 1164 qni
1246 1098 1335 1166 nunc

284 1202 331 1268 ito
347 1198 551 1287 appellentur,
571 1197 730 1264 rhetorum
744 1199 920 1285 praeceptis
941 1216 1065 1263 omnem
1085 1206 1245 1262 oratorum
1265 1197 1335 1261 vim

285 1317 465 1406 complexos
491 1335 565 1381 esse
588 1314 776 1381 arbitrantur
802 1334 903 1400 neque
925 1313 1027 1380 adhuc
1048 1333 1141 1399 quam
1161 1332 1335 1400 personam

284 1445 411 1501 teneant
436 1443 488 1500 ont
513 1432 587 1517 qnid
607 1430 807 1518 profiteantur
832 1431 1009 1516 intelligere
1030 1440 1202 1517 potnerunt.
1245 1428 1333 1496 Vero

286 1553 369 1617 enirn
390 1551 508 1616 oratori
529 1568 610 1635 qnae
632 1559 709 1614 sunt*
723 1550 757 1614 in
777 1549 934 1616 hominnm
953 1550 1035 1626 vite,
1057 1548 1182 1634 qnando
1204 1547 1333 1634 quidem

285 1671 322 1734 in
340 1687 382 1733 ee
400 1676 545 1733 versetur
570 1668 677 1732 orator
703 1676 795 1752 etque
822 1685 863 1732 ea
883 1676 932 1732 est
956 1667 987 1731 ei
1008 1664 1152 1731 subiecto
1171 1667 1332 1742 materies,

287 1786 394 1855 omnia
420 1784 565 1870 quaesita
595 1783 704 1849 audite
727 1783 812 1850 lecte
842 1783 998 1871 disputata
1027 1793 1175 1860 tractata,
1210 1774 1333 1866 dgitote

287 1922 360 1969 esse
387 1900 509 1966 debent.
552 1899 603 1965 55.
631 1899 689 1965 Est
713 1902 796 1965 eninr
822 1900 1002 1986 eloquentia
1021 1919 1085 1966 nne
1110 1899 1264 1985 quaedem
1290 1899 1331 1964 de

288 2018 416 2083 summis
445 2015 629 2081 virtutibus:
665 2035 841 2102 quanquam
873 2026 943 2081 sunt
973 2037 1082 2082 omnes
1111 2018 1240 2082 virtutes
1274 2036 1331 2081 ee-

289 2133 400 2221 qunles
427 2142 458 2197 et
477 2152 586 2218 pares,
613 2131 671 2197 sed
696 2143 800 2197 tamen
827 2143 876 2198 est
901 2137 1024 2220 species
1051 2133 1118 2199 elia
1139 2136 1241 2219 magis
1264 2134 1331 2199 alie

288 2251 431 2333 formose
451 2260 482 2335 et
503 2250 650 2328 illustris,
671 2251 752 2316 sicut
769 2248 852 2317 haec
873 2252 937 2329 vis,
959 2268 1039 2338 qnae
1061 2253 1225 2318 seientiam
1246 2271 1330 2318 com-

289 2501 440 2569 nenarum]
454 2499 569 2556 sortasse
583 2501 755 2556 scribendum
773 2508 802 2556 et
809 2519 1011 2577 personarum
1024 2520 1059 2557 ex
1071 2502 1123 2575 ng.
1137 2503 1178 2558 39.
1189 2503 1230 2559 76.
1244 2504 1285 2558 84.
1294 2531 1330 2545 ν-

291 2589 317 2640 n
334 2587 417 2654 sunt]
441 2583 475 2638 1ιί
496 2592 565 2639 orent
587 2585 638 2656 Lg.
656 2586 699 2642 93.
717 2586 760 2643 94.
785 2588 827 2643 39.
848 2590 891 2644 35.
915 2588 1019 2642 6169.
1043 2588 1085 2642 73.
1103 2587 1144 2643 76.
1167 2588 1210 2642 81.
1228 2588 1269 2643 84.
1286 2589 1330 2643 86.

289 2669 359 2724 vict.
386 2670 438 2724 Gn.
456 2669 482 2724 9.
506 2669 623 2723 sortasse
638 2670 747 2726 “verino
769 2702 799 2719 -ψ
831 2670 977 2726 laudandi
996 2672 1106 2740 daridis]
1131 2673 1246 2727 alterurn
1263 2671 1330 2728 Ern.

289 2745 435 2810 delendnni
459 2755 578 2821 censuit,
603 2755 702 2808 landis
726 2756 851 2810 delcrnnt
874 2756 937 2811 sch.
964 2765 991 2810 et
1010 2755 1107 2811 Mucii.
1140 2757 1252 2811 Rectius
1272 2758 1333 2811 tolli

290 2837 436 2893 laudandi
457 2838 522 2911 dicit
543 2838 643 2906 Ηειπ.,
673 2840 747 2909 qnod
770 2840 932 2896 vocnbnlnrn
960 2860 977 2894 e
999 2841 1116 2895 librariis
1138 2842 1266 2895 rariorem
1290 2842 1332 2895 Ιο-

240 2971 243 2976 .
290 2925 426 2977 cntionem
449 2926 480 2976 tn
498 2923 597 2993 aliquo
616 2941 721 2995 qenere
743 2923 842 2978 laudis
860 2944 923 2979 erse
946 2944 1002 2979 non
1024 2925 1234 2998 intelligentibus
1255 2926 1332 2978 oddi-

289 3015 345 3060 tnnr
366 3006 502 3061 videntur
539 3006 588 3060 cur
612 3009 760 3079 suspicioni
783 3009 878 3064 fovent
900 3010 949 3081 Lg.
972 3011 1011 3065 15.
1033 3011 1072 3065 16.
1094 3011 1134 3066 17.
1160 3011 1201 3065 70.
1222 3010 1263 3065 73.
1286 3010 1329 3067 86.

289 3109 307 3144 o
321 3089 418 3159 qrribns
431 3090 509 3144 abest
527 3092 1098 3167 Ιααάιιηᾶίς·θιριιηοῐιιιηεεῐ1611394,
1119 3096 1330 3149 contrectandis

288 3175 316 3228 in
334 3174 375 3229 35.
412 3175 470 3228 Sed
492 3175 601 3228 defendi
623 3183 727 3245 potest,
752 3178 814 3231 dunr
832 3179 984 3233 memineris
1007 3180 1126 3234 lartdem
1143 3197 1203 3234 esse
1223 3177 1330 3252 ἄρειήν,

287 3260 427 3326 virtutem,
444 3259 695 3330 praestantiam.
718 3264 850 3330 nomino]
869 3266 909 3318 sic
926 3263 975 3335 bg
993 3264 1091 3320 1416.
1110 3264 1209 3320 9693
1229 3266 1271 3320 67.
1286 3265 1329 3319 69

290 3345 331 3400 73.
351 3345 392 3421 76.
411 3345 454 3398 63.
479 3342 574 3399 Lrnnb
611 3347 728 3400 nomine
752 3346 803 3401 Gn.
821 3347 847 3402 9.
883 3352 1032 3402 nominem
1052 3359 1115 3405 cett.
1135 3350 1216 3417 codd
1233 3350 1330 3405 reciet

288 3427 350 3482 edd.
369 3434 433 3480 ente
450 3427 544 3483 hamb.
1201 3392 1235 3457 ⁰

376 3545 419 3599 54.
454 3553 484 3599 et
502 3549 553 3615 tie]
571 3553 600 3601 ct
617 3547 664 3601 hir
680 3549 752 3604 vico.
774 3548 826 3604 Gn.
846 3549 870 3603 1.
886 3550 911 3605 9.
936 3549 987 3621 Lg.
1002 3551 1028 3607 5.
1045 3552 1088 3607 96.
1106 3553 1149 3609 91.
1168 3554 1210 3610 93.
1227 3555 1270 3612 94.
1286 3555 1329 3611 39.

288 3629 332 3685 65.
350 3629 393 3684 67.
410 3629 452 3685 69.
477 3631 518 3685 76.
538 3633 580 3686 73.
599 3633 640 3687 76.
664 3633 707 3689 84.
725 3633 768 3689 86.
804 3633 853 3688 Mc
872 3635 897 3689 6.
907 3662 951 3703 ,ν-
980 3636 1125 3706 deridete]
1148 3638 1219 3694 dein
1236 3642 1330 3695 ridete

288 3713 338 3786 lig.
352 3715 376 3770 3.
391 3715 416 3770 5.
429 3715 472 3770 39.
486 3715 529 3772 35.
543 3716 586 3771 81.
614 3717 651 3771 dc
667 3722 700 3772 tn
715 3719 773 3773 rid.
795 3719 835 3774 17.
846 3747 882 3762 -
901 3726 1057 3775 oratorum
1074 3725 1145 3791 nim]
1163 3730 1330 3780 oratoriam

288 3803 349 3852 nim
365 3799 416 3871 ng.
435 3801 477 3855 76.
495 3830 532 3841 κ-
561 3819 630 3856 nero
649 3805 740 3871 enim]
762 3821 863 3857 vernem
881 3809 960 3858 enim
981 3806 1062 3861 codd.
1082 3808 1206 3877 plerique
1222 3811 1329 3875 vitiose,

289 3884 363 3954 qnod
379 3886 585 3955 nuper-criticos
597 3887 666 3939 vitio
680 3897 787 3941 creator
799 3890 873 3943 nniio
892 3905 943 3943 nec
956 3899 1115 3960 argumento
1130 3909 1181 3946 nec
1194 3896 1330 3966 exemplo,

287 3967 338 4020 sed
361 3970 400 4021 ite
417 3967 554 4021 defendit.
577 3950 666 4038 „qnid
689 3971 730 4035 ni,
755 3972 856 4040 inquit,
878 3971 968 4027 Latini
986 3991 1086 4028 eornm
1105 3980 1185 4031 enim
1203 3979 1330 4044 dixerint,

288 4066 348 4102 cnm
366 4050 483 4103 dixerint
499 4057 532 4102 at
549 4053 676 4104 entm?“
711 4053 799 4111 Quasi
820 4064 848 4107 tn
869 4057 943 4111 dicen
962 4056 1077 4113 Latinos
1096 4061 1200 4116 ortem
1222 4066 1330 4134 genecio
1429 4112 1430 4117 ,

287 4131 409 4185 feminhri
425 4133 630 4199 essevolnisen
648 4136 741 4204 quidni
759 4138 840 4192 etiem
858 4142 1022 4212 oppidum?
1049 4162 1151 4202 verm
1166 4151 1246 4203 enen
1263 4165 1330 4204 occo
