2942 4608
267 297 365 371 414
414 304 419 309 ’
670 290 928 360 CICERONIS

182 486 184 489 ’
270 460 343 529 319.
376 460 442 528 lam
467 460 663 549 vituperandi
692 470 862 549 praecepta
887 461 1054 527 contrariis
1086 460 1238 526 exuitis
1273 479 1335 527 su-

271 580 386 646 menda
408 599 480 646 esse
501 581 698 666 perspicuum
719 590 777 648 est.
816 576 919 673 Simual
941 588 989 644 est
1010 577 1090 643 illud
1112 587 1183 644 ante
1205 577 1336 644 oeulos

271 717 330 764 nee
361 696 477 764 bonum
502 699 602 763 virum
632 699 756 783 proprie
784 697 970 782 etcopiose
1002 694 1127 760 laudari
1157 696 1225 760 sine
1258 696 1336 761 vir-

271 824 381 892 tutum,
408 834 467 881 neo
494 813 667 900 improbum
692 815 795 880 notari
822 833 861 881 ao
886 812 1054 900 vituperari
1082 813 1151 879 sine
1172 813 1334 879 vitiorum

273 934 452 1017 cognitione
476 933 554 996 satis
576 932 725 1015 insignite
748 941 840 1017 atque
864 949 976 1016 aspere
997 948 1102 1016 posse.
1141 927 1248 1015 Atque
1273 928 1334 995 his

271 1048 353 1119 loeis
375 1058 407 1114 et
427 1048 578 1141 laudandi
601 1058 631 1114 et
651 1047 847 1134 vituperandi
870 1066 966 1133 saepe
988 1045 1081 1114 nobis
1102 1056 1151 1112 est
1171 1046 1334 1112 utendum

273 1166 307 1235 in
333 1167 417 1232 omni
432 1183 560 1251 'genere
583 1184 759 1233 causarum.
802 1164 874 1229 356.
901 1162 1032 1233 Habetis
1061 1164 1099 1231 de
1121 1163 1332 1231 inveniendis

272 1282 367 1351 rebus
390 1283 653 1370 disponendisque
680 1282 753 1368 quid
775 1284 918 1348 sentiam.
960 1280 1141 1366 Adiungam
1162 1260 1260 1347 etiam
1287 1281 1332 1346 de

273 1403 440 1478 memoria,
466 1411 499 1466 ut
525 1400 636 1466 laboro
665 1396 814 1465 Crassum
840 1397 943 1465 levem
968 1418 1069 1485 neque
1096 1401 1127 1464 ei
1153 1400 1331 1485 quiequam

274 1518 375 1594 aliud,
401 1517 440 1583 de
463 1538 524 1604 quo
546 1518 698 1595 disserat,
721 1517 911 1603 relinquam,
937 1517 999 1588 nisi
1023 1536 1076 1594 ea,
1103 1516 1216 1603 quihus
1237 1515 1331 1583 haee

274 1645 472 1705 exornentur.

359 1750 536 1821 LXXXVI.
590 1752 692 1839 Perge
722 1771 813 1829 vero,
846 1753 945 1838 inquit
976 1749 1122 1819 Crassus.
1169 1749 1331 1819 Libenter

236 1891 242 1904 ·
274 1872 358 1942 enim
382 1882 413 1937 te
441 1872 599 1955 cognitum
629 1872 694 1936 ianr
726 1869 883 1937 artificem*
905 1869 1136 1955 aliquandoque
1163 1869 1327 1937 evolutum

274 1988 340 2054 illis
368 1989 588 2071 integumentis
618 1985 879 2053 dissimulationis
910 1998 983 2053 tuae
1013 1964 1327 2075 nudatumquesper-
1441 1964 1442 1977 ἦ

274 2105 392 2191 spici03
420 2113 451 2173 et
476 2103 560 2188 quod
586 2102 662 2170 mihi
687 2102 766 2168 nihil
793 2114 847 2172 aut
872 2104 956 2190 quod
981 2124 1045 2171 non
1066 2105 1196 2174 multum
1222 2105 1325 2171 relin-

274 2221 361 2309 quis,
388 2219 604 2307 percommode
631 2220 713 2289 facis
741 2231 849 2306 estque
876 2221 951 2289 mihi
977 2233 1109 2307 gratum.
1153 2223 1226 2289 351.
1253 2222 1324 2313 lam

236 2424 239 2429 .
274 2340 355 2409 istun
382 2318 529 2425 quantum
554 2336 612 2403 tibi
638 2357 699 2422 ego
723 2338 917 2424 reliquerim,
945 2342 1043 2427 inquit
1064 2340 1234 2419 Antonius,
1262 2344 1325 2408 erit

276 2459 309 2533 iu
335 2468 390 2527 tua
417 2464 580 2547 potestate.
632 2453 668 2527 Si
696 2458 779 2526 euim
804 2476 879 2530 vere
908 2476 1003 2542 agere
1031 2458 1187 2538 volneris,
1214 2463 1325 2530 omnia

360 2688 419 2744 346.
449 2691 600 2761 iusiqnt‘te]
619 2692 776 2760 tastqatter
792 2691 874 2761 louge
891 2692 977 2745 moinus
993 2692 1133 2764 eleganter
1146 2693 1208 2749 edd.
1223 2694 1322 2765 steph.
1372 2693 1375 2700 '

275 2768 345 2827 lunt.
360 2774 421 2827 All.
436 2773 507 2832 Viet.
522 2772 599 2829 Μιιιι.
626 2777 742 2844 danique
758 2775 808 2845 Lg.
823 2776 866 2829 66.
880 2806 915 2814 -
934 2783 1021 2846 otqm
1035 2778 1151 2851 aspere]
1169 2785 1198 2832 et
1215 2796 1324 2850 coquere

278 2855 329 2932 bg.
348 2858 390 2912 69.
409 2889 443 2898 —
467 2856 515 2914 bes
535 2858 619 2925 loeis]
639 2862 677 2911 t'is
695 2859 769 2911 loeis
789 2857 838 2933 ng.
857 2859 899 2918 nl.
917 2861 958 2915 76.
978 2860 1018 2915 73.
1035 2861 1077 2916 86.

194 3008 202 3019 .
327 2940 334 2956 ‘
363 2941 423 2997 356.
460 2943 561 3013 neque]
585 2948 673 3017 quique
704 2943 800 2998 (16.3.
825 2974 855 2985 -
889 2947 1057 3019 quicquum]
1085 2947 1125 2998 sic
1151 2946 1200 3017 Lg.
1226 2963 1323 3003 omnes

274 3034 385 3096 praeter
403 3027 427 3082 5.
442 3027 484 3082 81.
497 3026 539 3080 86.
558 3055 593 3065 —-
615 3026 730 3097 quibus]
751 3027 860 3081 additur
877 3028 963 3082 reboo
982 3030 1008 3083 in
1026 3029 1076 3101 ng.
1094 3032 1251 3101 plerisque3
1269 3031 1321 3084 sed

275 3126 330 3168 tlon
348 3110 375 3166 lu
387 3111 412 3165 2.
427 3112 451 3166 3.
468 3112 492 3167 l.
511 3106 550 3165 13.
564 3110 605 3168 20.
620 3109 663 3168 32.
676 3111 718 3165 36.
733 3111 775 3165 81.
790 3142 824 3151 -
845 3112 930 3180 bueo]
948 3117 1010 3167 esta
1028 3115 1077 3186 ng.
1093 3115 1135 3170 20.
1154 3133 1207 3172 our.
1220 3115 1261 3170 35
1276 3116 1320 3170 65.

359 3196 514 3255 LXXXVI.
551 3197 625 3263 ium]
649 3202 683 3249 ut
706 3195 757 3249 Gn.
776 3195 801 3254 3.
820 3227 856 3237 -
885 3198 1040 3267 evolutum]
1060 3200 1204 3257 coelatum
1225 3199 1276 3272 Lg.
1294 3200 1321 3254 3.

274 3280 299 3339 4.
315 3280 357 3335 69.
377 3279 428 3334 Gn.
442 3279 466 3336 8.
496 3281 643 3336 elevatum
655 3280 680 3335 3.
712 3281 858 3334 evolutum
876 3283 927 3337 Gn.
942 3284 967 3338 3.
990 3282 1041 3354 Lg.
1058 3284 1097 3339 13.
1113 3284 1146 3337 32
1161 3302 1230 3343 corr.
1250 3293 1280 3338 ut
1294 3285 1319 3341 2.

273 3364 316 3421 36.
341 3363 503 3423 inuolutum
515 3364 604 3422 21..—
624 3367 843 3436 iatequmeutio]
859 3371 1046 3438 tateqmemtls
1065 3369 1134 3428 Viet.
1153 3369 1205 3429 Gu.
1219 3372 1320 3429 scor-r.

273 3446 325 3518 ng.
339 3446 356 3499 2
371 3464 441 3503 corr.
458 3449 482 3506 5.
503 3449 543 3504 13.
564 3450 604 3504 15.
626 3449 666 3504 16.
683 3449 726 3505 21.
745 3450 779 3504 32
797 3468 869 3506 corr.
887 3451 929 3506 35.
947 3452 991 3507 36.
1010 3454 1051 3507 76.
1070 3453 1112 3506 73.
1131 3453 1173 3507 76.
1191 3455 1229 3509 lta
1247 3471 1320 3515 corr.

176 3590 185 3603 .
273 3531 327 3597 ll„
346 3532 420 3600 quod
435 3534 487 3586 etsi
501 3534 592 3587 leniea
609 3551 664 3588 non
677 3533 789 3601 liabent,
807 3537 924 3591 fortusse
942 3545 1032 3591 tamen
1051 3554 1106 3591 non
1121 3538 1208 3592 rnlnns
1224 3555 1320 3593 venum

274 3615 386 3687 vulgato
404 3615 556 3674 habebitur.
588 3623 745 3690 teqmemtie
762 3621 787 3674 6,
818 3623 849 3674 t‘n
867 3625 1023 3692 teqmentte
1039 3622 1081 3676 65.
1099 3652 1134 3662 -
1159 3622 1320 3677 teudeiam·

274 3702 340 3770 que]
364 3701 510 3755 antelatum
534 3703 584 3774 ng.
603 3704 628 3758 2.
647 3706 671 3761 d.
698 3703 738 3758 13.
762 3704 796 3757 nl
812 3722 882 3761 corr.
906 3704 939 3757 32
957 3723 1021 3759 corr
1047 3706 1090 3760 36.
1126 3708 1320 3762 modulantia

275 3782 327 3838 Gn.
346 3785 371 3839 3.
393 3817 423 3829 ψ
450 3794 502 3840 eut
520 3789 599 3857 quod
615 3804 673 3840 aon
692 3789 829 3856 multum]
849 3791 998 3859 quodem.
1020 3789 1071 3847 Gu.
1091 3791 1116 3844 3.
1131 3820 1167 3832 -
1188 3795 1319 3863 matum]

272 3866 447 3945 perqratumo
466 3871 515 3942 lig.
535 3872 575 3925 17.
593 3872 635 3926 26.
655 3871 697 3928 lb.
920 3932 923 3937 y
1121 3910 1124 3915 «

359 3954 418 4013 351,
456 3957 546 4022 istoc]
566 3959 635 4010 istie
651 3954 703 4026 Lg.
722 3956 758 4009 20
774 3973 845 4011 corr.
867 3989 897 3998 -
926 3958 981 4013 tibi
998 3962 1064 4032 eqo]
1084 3960 1141 4015 tibi
1157 3976 1209 4014 om.
1228 3959 1279 4030 hg.
1294 3959 1318 4014 5.

272 4054 325 4106 eqo
349 4036 404 4094 tete
427 4039 529 4096 1613.
561 4055 616 4108 eqo
636 4057 691 4093 om.
708 4040 735 4105 6,
758 4039 853 4097 Larub.
871 4071 906 4080 -
935 4046 993 4111 ein]
1017 4049 1046 4098 st·
1069 4046 1121 4100 Gu.
1141 4046 1166 4100 3.
1194 4045 1319 4111 idemque

272 4119 503 4197 aliquandoque
523 4123 782 4197 queamdmodum.
801 4150 837 4164 ·-
855 4143 918 4186 setta
936 4131 1033 4203 tereto]
1052 4130 1107 4185 inv.
1126 4129 1176 4205 lig.
1198 4130 1221 4185 q
1248 4126 1319 4186 Mos
