2958 4584
231 202 343 343 ‘m
621 206 903 336 6101111011Ιὸ
1014 330 1017 337 .

247 437 330 525 quod
350 437 433 505 euim
454 437 515 525 ipsi
536 439 655 526 experti
675 456 740 539 mou
759 446 839 514 sunt
861 435 894 502 id
915 430 1028 513 docent
1048 445 1182 503 ceteros.
1226 435 1293 505 Sed

247 555 308 622 lroc
330 557 431 622 miuus
452 555 590 622 fortasse
612 565 732 633 errent,
760 554 844 641 quod
864 573 928 620 mom
948 564 993 632 te,
1019 565 1053 620 ut
1073 553 1292 634 Hannibalem,

248 664 307 743 sed
326 692 441 761 pucros
466 682 519 738 aut
541 671 795 739 adolescentulos
813 671 932 762 docere
955 682 1116 738 conentur.

273 846 276 855 ,
332 788 422 856 11111.
451 791 502 857 77.
523 788 636 869 Erras,
659 788 784 867 Catule,
807 792 906 876 iuquit
927 790 1098 868 Antonium
1120 809 1192 855 uem
1215 809 1293 875 ego-

248 917 310 975 met
336 910 369 974 iu
395 907 509 976 multos
541 899 604 973 iam
630 906 834 974 Phormiones
865 908 972 973 incidi.
1026 905 1104 986 Quis
1133 910 1216 972 euim
1245 918 1294 974 est

247 1027 379 1092 istorum
411 1024 622 1103 Graecorum,
659 1026 712 1111 qui
744 1044 929 1110 quemquam
958 1033 1097 1090 nostrum
1128 1026 1293 1111 quicquam

248 1143 434 1230 intellegere
462 1125 652 1211 arbitreturt
694 1141 744 1207 Ac
770 1141 845 1207 milri
867 1141 991 1227 quidem
1016 1159 1080 1207 nou
1104 1143 1149 1207 ita
1168 1143 1292 1210 molesti

249 1271 338 1339 suut3
365 1260 461 1327 secde
484 1261 585 1338 omnis
605 1262 762 1346 perpetior
782 1268 814 1325 et
834 1259 975 1346 periero:
1002 1278 1075 1325 nam
1098 1269 1151 1327 aut
1172 1260 1293 1347 aliquid
1388 1312 1391 1317 »

221 1354 223 1361 ’
251 1377 396 1458 afferunt,
425 1377 506 1467 quod
534 1376 609 1445 mihi
633 1397 698 1442 mou
724 1377 904 1464 displiceat,
930 1386 984 1442 eut
1011 1375 1160 1456 efficiunt,
1188 1388 1221 1445 ut
1243 1399 1293 1446 me

252 1643 371 1713 docent]
389 1643 445 1698 hoo
461 1642 489 1698 d.
509 1642 561 1699 Gu.
576 1641 601 1699 3.
618 1671 654 1684 ·-·
671 1643 735 1711 ced]
753 1650 798 1697 set
815 1642 859 1697 lric
876 1650 904 1698 et
921 1652 984 1713 post
1000 1640 1051 1715 lug.
1068 1642 1106 1712 2,
1123 1663 1175 1699 mec
1190 1647 1294 1702 notabo

250 1728 376 1800 posthoc,
394 1727 445 1783 nisi
463 1728 509 1782 ubi
522 1728 637 1782 alterum
651 1728 809 1798 scripturam
828 1730 851 1782 is
863 1728 934 1782 liber
947 1727 1068 1784 exhibet.
1080 1738 1115 1772 ὲ-
1132 1737 1167 1784 ut
1180 1730 1295 1810 llannt·

252 1812 360 1881 dalem]
387 1815 427 1868 sic
445 1812 525 1866 codd.
546 1812 687 1883 plerique,
713 1813 793 1866 etiam
812 1813 863 1884 ug.
883 1830 991 1880 omues,
1015 1813 1086 1871 Vict.
1112 1814 1163 1868 Gur.
1183 1815 1207 1870 l.
1226 1815 1249 1872 l.
1268 1816 1294 1873 3.

251 1897 340 1952 Havu.
356 1898 378 1953 1.
391 1898 408 1951 2
420 1915 455 1952 m.
468 1915 524 1951 sec.
543 1906 570 1950 et
589 1897 672 1967 vulgo
691 1897 754 1949 iude
771 1896 806 1950 ab
824 1898 964 1967 antiquiss.
984 1898 1045 1952 edd.
1069 1898 1166 1952 utilis
1180 1899 1295 1955 Hanni-

252 1979 350 2033 balem
369 1982 394 2036 d.
420 1981 451 2035 Z.
476 1999 493 2034 a
510 1998 544 2035 m.
570 1988 672 2034 recent.
695 1979 794 2035 Peerc.
818 1981 882 2037 Scir.
905 1980 969 2048 Or„
995 1982 1040 2036 hic
1058 1991 1149 2037 tomen
1169 1986 1294 2041 voculam

250 2064 374 2118 inutilem
389 2064 492 2118 uncinis
504 2064 688 2119 circumdedit.
713 2064 918 2131 Phormiones,
937 2065 990 2120 lroc
1002 2076 1045 2121 est
1058 2067 1191 2134 homines,
1208 2072 1295 2138 qualis

251 2148 400 2215 Phormio,
425 2148 606 2202 Hannibalem
624 2148 725 2203 docere
748 2152 840 2204 conati
857 2159 928 2205 suot.
964 2159 1018 2205 aut
1035 2151 1233 2207 Hannibalem
1256 2157 1295 2208 iu·

250 2233 394 2287 utilissimo
403 2232 533 2286 Muelleri
549 2232 710 2287 conlectura
722 2236 857 2306 reperitur
876 2236 903 2289 lu
915 2235 1034 2290 Heumd
1051 2255 1092 2308 pr.
1105 2254 1150 2305 m.,
1168 2238 1296 2308 ducitque

251 2316 350 2371 eodem
369 2317 431 2370 aud
449 2317 475 2369 in
497 2316 547 2370 Gu.
566 2316 591 2371 3.
608 2346 644 2359 —-
664 2318 910 2389 adolescentulos]
928 2320 1106 2377 adolescent.
1125 2321 1173 2393 hg.
1192 2324 1234 2378 65,
1254 2325 1295 2380 76.

216 2454 219 2461 ,
251 2401 294 2456 73.
313 2401 370 2469 td,
389 2400 478 2472 quod,
496 2417 555 2454 cum
574 2419 724 2474 paucorum
743 2412 771 2456 et
790 2403 955 2459 deteriorum
969 2406 1101 2461 librorum
1119 2425 1180 2461 esse
1198 2409 1296 2476 soleat,

251 2502 307 2539 mon
330 2486 445 2556 emplius
469 2485 589 2553 notabo,
614 2486 665 2540 nlsl
685 2505 745 2541 cum
769 2488 796 2540 im
814 2489 922 2558 optimis
939 2499 1077 2561 repertum
1094 2492 1185 2554 luerit.
1221 2494 1296 2548 ado·

251 2569 392 2648 descendes
412 2571 450 2626 11.
470 2570 510 2625 15.
532 2572 618 2626 ¹Ante
636 2578 690 2625 aut
708 2589 761 2628 om.
782 2573 852 2628 Vict.
896 2588 903 2599 ⁴

338 2738 413 2794 xix.
450 2741 492 2794 77.
528 2742 654 2812 spumet]
678 2757 731 2813 epo
755 2748 817 2795 nect
838 2740 888 2814 lug.
907 2741 932 2796 1.
956 2742 999 2797 67.
1019 2744 1060 2798 76.
1079 2744 1119 2800 Sl.
1138 2745 1181 2800 64.
1199 2745 1241 2801 93.
1259 2776 1296 2787 -

252 2826 283 2876 in
300 2823 421 2892 multo-r]
441 2825 497 2880 inv.
516 2825 681 2896 11561-
710 2827 784 2894 iam]
805 2843 858 2881 om.
878 2826 929 2882 Gn.
948 2828 974 2882 2.
991 2853 1028 2870 -ι-
1057 2832 1121 2898 quis
1140 2834 1218 2884 enim
1238 2833 1295 2900 esi]

250 2904 347 2961 Lami).
365 2905 463 2962 Muell.
482 2909 565 2964 Hemr.
592 2914 658 2980 puis
682 2917 728 2963 cst
751 2915 828 2964 enim
851 2922 967 2982 propter
988 2913 1083 2966 laisum
1105 2913 1172 2967 illud
1195 2916 1231 2968 de
1253 2932 1297 2970 se·

251 2990 342 3042 cundo
366 2990 429 3044 loco
453 2995 541 3047 verbo
565 2995 734 3049 surbstontiae
757 2996 921 3067 assignando
940 2997 1078 3052 decretum
1095 3009 1194 3053 contre
1210 3001 1296 3069 libros

252 3089 346 3127 omues
365 3084 477 3145 praeter
493 3077 582 3133 flavo.
601 3079 643 3146 2,
660 3080 706 3148 qui
724 3085 803 3134 enim
820 3082 979 3135 omittit-
1002 3086 1189 3154 quemquam]
1207 3102 1296 3154 quen·

251 3174 342 3227 quum
359 3158 409 3230 Lg.
431 3169 544 3230 praeter
561 3162 586 3216 2.
601 3162 625 3216 3.
645 3164 669 3217 4.
687 3164 711 3217 5.
728 3164 752 3218 6.
774 3164 814 3219 13.
834 3197 865 3206 -
884 3168 1055 3236 quicquam]
1072 3169 1112 3221 sic
1130 3169 1183 3222 XX
1199 3168 1249 3241 Lg.
1268 3179 1297 3226 et

186 3254 188 3263 ’
250 3240 316 3321 lieni
330 3260 436 3311 ommes,
454 3246 518 3299 item
531 3237 582 3300 Gu.
600 3246 622 3300 l.
636 3248 660 3301 2.
677 3279 707 3288 —
727 3249 905 3321 intellcpcre]
920 3252 1017 3321 scripsi
1030 3254 1178 3307 secuudum
1190 3246 1240 3326 Lg.
1254 3255 1295 3311 13.

250 3325 294 3380 65.
311 3355 347 3366 -
378 3344 438 3382 nom
464 3331 520 3399 tta]
544 3347 580 3383 oc
604 3335 649 3385 iia
673 3332 742 3393 Vict.
767 3335 844 3402 isque
867 3336 948 3388 etiem
969 3339 1031 3389 sint
1051 3344 1204 3408 prosunt,
1228 3341 1298 3395 sicut

251 3407 302 3481 ug.
326 3413 351 3464 4.
374 3412 415 3467 76.
442 3415 481 3467 ita
504 3431 563 3467 rur.
587 3413 629 3468 32.
655 3447 686 3456 —
723 3419 830 3484 ononis]
854 3420 951 3490 scripsi
974 3430 1085 3476 secutus
1110 3422 1159 3493 Lg.
1183 3423 1226 3479 36.
1253 3424 1305 3478 84.-

251 3492 303 3549 Gu.
325 3493 346 3549 l.
366 3496 391 3551 2.
416 3527 451 3537 —-
481 3504 533 3567 aut
556 3497 689 3568 aliquid]
713 3509 783 3565 onie
808 3503 877 3573 aliq.
905 3503 956 3559 Gu.
983 3503 1008 3561 3.
1046 3513 1080 3560 ui
1104 3507 1142 3562 al.
1166 3508 1239 3563 Vict.
1261 3528 1300 3549 -·

235 3577 399 3648 ¹afferunt]
418 3581 558 3651 adferunt
576 3583 625 3653 Lg.
643 3582 686 3639 65.
706 3586 748 3640 67.
770 3585 810 3640 76.
828 3616 864 3627 ·-
891 3605 950 3642 mon
970 3590 1144 3662 displiceat]
1164 3608 1222 3646 non
1243 3611 1297 3650 om.

253 3660 304 3719 Gu.
324 3662 350 3716 3.
368 3694 404 3704 -
431 3684 480 3718 me
501 3667 573 3734 mom]
599 3668 740 3722 moricum
763 3670 815 3724 Gu.
837 3670 862 3724 3.
883 3701 919 3713 -
948 3674 1118 3743 llamoibal]
1143 3676 1254 3731 Anidal
1274 3696 1296 3732 s.

251 3745 384 3803 Annibal
397 3748 447 3821 ug.
462 3751 503 3806 15.
515 3750 557 3804 93.
586 3750 734 3806 curialem
752 3755 851 3809 dcorr.
872 3756 997 3813 assiduis.
1012 3787 1049 3800 --
1066 3763 1159 3814 etium
1174 3763 1297 3834 respodit]

251 3837 281 3884 ct
304 3848 368 3903 nep.
392 3832 443 3905 Lg.
466 3836 490 3889 4,
530 3838 624 3888 etiam
647 3853 700 3893 om.
722 3836 748 3891 6.
774 3836 817 3891 23.
842 3847 905 3909 post
928 3846 1041 3913 nepulit
1066 3845 1177 3912 ponitur
1201 3846 1228 3899 lm
1251 3845 1293 3897 81.

250 3919 352 3984 nepoti
368 3933 385 3968 o
403 3919 478 3972 mullo
491 3917 562 3972 libro
579 3927 753 3975 monstratur.
773 3952 804 3963 -
827 3924 962 3977 iudicare
973 3929 1113 3998 possum]
1131 3929 1187 3984 inv.
1206 3928 1256 3997 lg.
1269 3929 1294 3983 d.

209 4042 216 4067 3
244 4000 362 4130 pposim
378 4000 420 4054 76.
437 4030 473 4042 —
491 4001 549 4055 Hos
564 4002 714 4056 sententias
732 4003 822 4071 aliter,
838 4022 871 4059 uc
889 4008 972 4081 vulgo
989 4009 1036 4079 ut,
1054 4011 1175 4070 distinxi.
1198 4013 1232 4066 V.
1249 4028 1297 4067 cx·

132 4132 134 4141 A
249 4079 422 4150 plcatiomes.
