2968 4596
510 282 516 294 ¹
568 329 858 402 enarrarre.
1194 352 1227 400 ιι

284 507 334 580 lle
357 505 511 580 subsidiis
537 518 572 577 et
591 507 715 578 ratione
740 528 859 600 operae
882 526 973 576 meae
995 504 1230 598 praemittenda

183 660 264 731 haee
289 673 380 731 sunt.
426 658 601 731 Librorum
620 659 816 753 scriptorum
835 655 1054 728 condicionem
1073 655 1228 730 llenrich·

183 813 298 883 senius
333 811 560 906 Lagomarsini
599 809 683 903 apud
716 807 894 880 Bandinum
933 809 966 879 in
998 809 1095 880 catal.
1132 808 1225 881 codd.

167 963 298 1035 .Latin.
327 962 407 1035 bibl.
436 963 542 1035 Laur.
571 973 599 1032 t.
626 962 670 1032 lI.
699 984 734 1055 p.
764 963 840 1032 492
866 983 940 1055 sqq.
968 959 1070 1032 rerba
1095 974 1231 1034 secutus

113 1090 117 1093 ⁷
184 1115 219 1185 in
245 1115 435 1186 universnm
468 1128 558 1185 recte
586 1097 759 1206 exposuit.
803 1110 880 1184 Non
908 1112 1009 1182 luisse
1044 1113 1229 1185 enimenta

186 1266 335 1345 seculum
355 1267 501 1361 quintum
520 1263 677 1353 decimum
700 1262 828 1335 codices
854 1262 1010 1335 librorum
1031 1262 1071 1334 de
1092 1261 1230 1337 Oratore

186 1415 281 1488 Bruti
307 1430 340 1488 et
367 1386 514 1488 Oratoris
544 1417 692 1508 integros
717 1413 810 1484 hodie
838 1426 987 1506 constatq
1022 1428 1153 1509 reperto
1177 1417 1232 1488 ille

187 1581 296 1640 aetate
327 1568 409 1640 libro
435 1567 662 1663 antiquissimo
688 1564 853 1636 Laudensi
888 1566 1028 1660 suppleti
1055 1580 1144 1639 sunt.
1198 1567 1232 1641 le

190 1719 294 1808 liber,
323 1734 491 1815 postquam
518 1719 701 1813 elegantius
728 1719 852 1811 scripta
876 1717 1072 1810 exemplaria
1105 1719 1138 1789 in
1167 1742 1232 1792 nra·

189 1894 252 1946 nus
277 1871 440 1945 hominum
465 1872 660 1961 venissent,
696 1891 768 1940 oum
798 1856 876 1961 ipse'
895 1879 1030 1962 propter
1055 1867 1233 1945 obsoletam

188 2024 414 2119 antiquitatem
440 2047 504 2095 non
531 2022 679 2094 lacillime
704 2022 888 2114 legeretur,
917 1992 1086 2114 neglectus
1115 2021 1233 2096 dudum

188 2173 367 2246 intercidit.
421 2172 559 2268 Propter
583 2175 671 2246 illam
696 2173 825 2267 legendi
852 2170 1069 2244 difficultatem
1095 2198 1160 2247 non
1186 2188 1234 2247 to·

189 2339 261 2396 tum
288 2324 500 2419 descriptum,
528 2326 585 2396 sed
606 2304 822 2397 recentiorum
847 2324 1081 2418 exemplarium
1102 2325 1235 2400 lacunas

193 2487 321 2544 tantum
350 2497 396 2545 ex
419 2497 459 2542 eo
494 2475 639 2567 expletas
673 2477 795 2570 luisse,
831 2475 916 2571 quod
948 2473 1157 2547 iniudicatum
1184 2501 1235 2549 re·

192 2623 579 2723 linquitflenriclrsenue
611 2616 715 2720 praei.
745 2652 779 2721 p.
807 2624 897 2714 lX.,
933 2625 1117 2695 certissimo
1143 2648 1238 2721 argu·
1306 2667 1310 2673 ·

190 2792 300 2850 mento
320 2777 504 2850 conficitur.
560 2775 699 2850 Codices
726 2780 810 2849 enim
835 2777 1035 2851 recentiores
1059 2791 1094 2850 et
1112 2778 1237 2853 lacunis

192 2944 342 3004 carentes
369 2952 498 3002 manum
516 2930 785 3024 interpolatorum
804 2953 1043 3026 perversasque
1062 2935 1237 3006 eorrectio·

192 3105 253 3153 nes
288 3080 434 3153 omnibus
466 3076 597 3177 paginis
633 3083 780 3154 raserunt
820 3058 853 3153 dt
890 3083 1027 3154 vitiosas
1058 3086 1238 3179 scripturas

131 3291 142 3299 .
194 3232 445 3305 innumerabiles
466 3232 601 3327 habent,
629 3257 703 3304 oum
721 3234 921 3330 antiquiores
946 3249 979 3306 et
997 3235 1142 3311 lacunosi
1166 3260 1238 3330 per-

192 3408 298 3480 pauca
330 3386 590 3480 interpolationis
619 3387 761 3480 vestigia
795 3385 966 3458 ostendant
1000 3400 1034 3457 et
1061 3389 1239 3483 scripturae

194 3537 373 3632 permultas
407 3539 598 3608 verissimas
633 3553 667 3609 et
700 3537 977 3609 emendatissimus
1010 3539 1238 3634 suppeditentq

197 3690 230 3760 in
257 3688 446 3785 quibusdam
473 3702 580 3760 autem
608 3689 731 3773 mendis
758 3691 962 3784 gravissimis
989 3704 1023 3769 et
1049 3690 1240 3785 deploratis,

195 3863 280 3936 quae
314 3839 519 3946 inpartibus
552 3841 640 3912 nulla
667 3801 781 3913 lacuna
809 3842 970 3913 infestatis
999 3843 1133 3938 insunt,
1169 3865 1242 3912 cnm

144 4038 146 4045 ,
194 3991 432 4086 antiquioribus
459 3994 658 4064 recentiores
686 3994 1026 4089 conspirant‚’quos‚
1056 3994 1085 4062 si
1114 3992 1172 4063 toti
1199 4013 1243 4059 ex

186 4142 282 4256 .¹¹¹‘¹I⁰
308 4143 473 4223 Laudonsi
510 4143 649 4220 derivati
675 4156 813 4232 essent,¹
844 4144 963 4231 corrigi
996 4139 1069 4212 indo
1097 4136 1272 4230 proruisse·
1363 4216 1365 4224 ⁴

907 4508 1295 4560 ,Α
