2980 4602
395 316 452 382 nn
480 279 708 397 onnronn
735 316 860 384 umor
881 317 904 384 1.
927 319 978 386 sa
1120 324 1201 392 rar

160 486 268 553 Fufius
289 494 400 564 autem,
425 484 518 551 simul
541 495 633 569 atque
656 485 817 551 aedificari
839 495 979 572 coeptum
1001 492 1051 551 est
1071 487 1104 550 in
1126 505 1202 572 qua-

163 604 236 669 dam
261 614 346 690 parte
373 603 474 680 urbis,
508 621 589 687 quae
621 602 713 667 modo
744 622 784 667 ex
810 602 876 667 illis
903 602 1034 668 aedibus
1063 604 1202 689 conspici

162 730 280 805 posset,
306 722 371 804 egit
392 722 495 786 statim
517 738 586 785 cum
606 716 774 794 Buculeio,
796 718 892 802 quod,
914 723 1085 805 cuicunque
1105 721 1202 806 parti-
1251 754 1257 759 ·

160 836 249 901 cuiae
265 837 350 902 caeli
366 836 551 913 officeretur,
567 837 708 920 quamuis
723 844 809 900 esset
824 834 943 920 procul,
961 837 1072 900 mutari
1086 835 1205 901 lumina

157 952 294 1037 putabat.
356 952 427 1018 180.
460 951 543 1030 Quid
573 957 675 1017 vorot
708 951 888 1017 clarissima
919 950 973 1015 Μ’.
1001 948 1075 1016 Curi
1107 970 1206 1017 causa

154 1067 325 1155 Marcique
348 1066 468 1156 Coponi
493 1088 591 1154 nuper
618 1068 699 1154 apud
724 1069 934 1133 centumvims
963 1087 1024 1153 quo
1051 1044 1205 1135 concursu

154 1183 326 1263 hominum,
343 1206 405 1272 qua
420 1178 653 1271 exspectatione
669 1184 800 1250 detensa
815 1190 883 1250 esti
906 1204 975 1250 cum
992 1183 1029 1262 Q.
1046 1182 1205 1250 Scaevola

64 1299 70 1323 '
155 1302 305 1387 aqualis
328 1313 359 1368 et
380 1302 507 1386 collega
520 1320 607 1366 meus
629 1301 721 1366 homo
739 1303 874 1367 omnium
896 1312 927 1367 et
942 1280 1111 1388 disciplina
1125 1301 1204 1366 iuris

154 1517 271 1585 quidem
295 1516 425 1570 abstinuit
448 1515 571 1569 Festum
593 1515 696 1583 Aquiili
719 1523 903 1569 accusatorem
926 1517 1069 1570 nominans
1091 1515 1157 1570 Div.
1176 1516 1204 1570 in

155 1600 242 1658 Caec.
264 1600 315 1665 11,
331 1600 389 1665 69,
414 1616 494 1667 qoem
510 1601 599 1668 ipsum
617 1598 708 1662 illum,
733 1599 779 1665 qui
799 1598 843 1649 hic
860 1609 1098 1667 commemoratur,
1121 1600 1205 1653 fuisso

154 1686 324 1738 coniectura
340 1684 406 1736 satis
423 1682 578 1735 verisimilis
597 1689 639 1734 est
652 1681 692 1748 (v,
703 1678 748 1733 111.
764 1680 806 1733 13.
820 1681 861 1734 39,
879 1679 957 1735 Brut.
972 1682 1101 1751 49,181).
1132 1684 1205 1737 Vide

153 1767 257 1823 Bentl.
271 1766 307 1819 ad
317 1765 384 1820 Hor.
397 1767 485 1819 Serm.
497 1765 528 1819 ss.
541 1766 568 1830 3,
578 1765 621 1818 68.
640 1762 801 1834 Heusinger.
812 1762 848 1815 ad
859 1760 914 1816 011.
927 1761 960 1816 11.
976 1762 1017 1828 14,
1028 1764 1053 1818 9.
1076 1764 1166 1818 Ε6ιιιιι
1177 1767 1205 1820 in

97 1860 101 1871 “
155 1849 351 1905 describendis
369 1849 547 1903 marmoribus
564 1852 602 1902 ita
618 1857 765 1919 peccatum
783 1864 810 1901 v.
824 1864 851 1902 n.
864 1846 940 1902 3731.
952 1866 978 1918 p.
988 1850 1045 1905 161.
1057 1860 1075 1906 t.
1086 1851 1106 1908 1.
1120 1850 1206 1907 Orodi.

155 1936 233 1991 Nam
251 1934 377 1988 Fusium
394 1951 493 1988 nomen
511 1934 546 1986 ad
565 1934 611 1985 iila
628 1941 762 2002 tempora,
781 1930 877 2000 quibus
897 1932 1047 1987 dictasunt
1074 1935 1206 1990 Valesius

157 2021 240 2074 Iasos
262 2019 391 2083 clamos,
422 2018 531 2089 ablegat
556 2016 740 2075 Quintilianus
759 2014 779 2070 1.
805 2017 837 2083 4,
862 2017 903 2070 13.
952 2016 1052 2087 Fufius
1075 2037 1147 2073 nunc
1169 2039 1205 2076 ex

156 2098 240 2157 bonis
259 2105 338 2158 codd.
358 2104 457 2174 iegitur
474 2101 629 2168 11,11,91.’
652 2099 698 2155 111,
713 2100 754 2167 13,
768 2101 810 2155 59.
829 2131 864 2139 -
885 2100 1011 2171 termina]
1029 2103 1136 2159 limina
1154 2106 1204 2177 Lg.

102 2246 117 2255 ,
160 2189 194 2240 15
204 2205 275 2243 corr.
288 2217 324 2228 —
342 2188 400 2255 att]
416 2194 450 2241 ut
468 2187 517 2257 Lg.
530 2186 555 2241 2.
570 2189 595 2241 4.
620 2193 654 2240 ut
672 2188 718 2239 aa
734 2188 779 2256 (p.
797 2189 845 2239 uti
860 2188 936 2253 tom)
952 2188 976 2241 4.
993 2186 1025 2240 17
1037 2207 1109 2243 corr.
1128 2197 1204 2243 essct

160 2276 216 2327 tto.
245 2278 279 2325 ut
296 2276 371 2325 ttom
389 2272 483 2326 (16.3.
500 2299 536 2312 -
564 2272 672 2339 essent]
690 2277 766 2324 esset
785 2270 834 2341 ng.
853 2269 930 2337 xri,
950 2287 1063 2340 quorum
1082 2282 1145 2327 sunt
1163 2275 1205 2329 13.

161 2356 205 2411 15.
224 2356 266 2409 65.
290 2356 332 2409 67.
356 2356 398 2410 76.
417 2356 459 2409 73.
481 2355 523 2409 76.
544 2382 580 2397 —-
612 2353 716 2429 Fufius
739 2356 850 2422 autem]
874 2354 978 2424 Fufius
998 2361 1077 2411 entm
1101 2357 1160 2412 un.
1182 2357 1205 2413 1.

140 2439 217 2508 'Lg.
236 2440 260 2492 3.
279 2439 304 2491 5.
322 2438 347 2492 6.
369 2438 409 2492 13.
430 2438 469 2491 14.
489 2438 589 2492 1516.
607 2439 648 2494 16.
667 2438 709 2492 11.
729 2440 772 2493 13.
791 2440 834 2493 14.
855 2440 897 2493 35.
915 2440 959 2493 36.
979 2440 1022 2494 65.
1041 2441 1083 2494 67.
1102 2441 1145 2494 69.
1164 2441 1206 2495 70.

28 2594 29 2601 ἵ
93 2542 98 2547 ’
164 2521 210 2575 73.
225 2522 266 2575 76.
278 2520 321 2575 86.
350 2521 465 2576 Elaeae
483 2521 534 2575 Gu.
545 2525 569 2578 3.
592 2541 661 2577 vcro
677 2523 774 2576 Lamb.
792 2522 908 2590 quidam.
933 2522 968 2575 V.
987 2522 1023 2575 ad
1033 2522 1066 2577 11.
1086 2522 1129 2589 58,
1146 2522 1206 2578 137.

164 2623 220 2659 οιιι.
246 2612 347 2659 antem
364 2622 433 2659 unus
450 2605 545 2661 Lamb.
564 2605 614 2676 Lg.
632 2610 657 2661 4.
678 2607 717 2660 17.
740 2634 777 2646 -
807 2605 1014 2674 simulatque]
1038 2607 1077 2659 eie
1101 2607 1207 2661 divisim

160 2690 214 2761 ng.
227 2690 251 2744 2.
264 2690 306 2744 73.
319 2690 361 2746 76.
373 2690 417 2746 93.
436 2690 474 2744 ita
486 2708 555 2746 corr.
566 2691 609 2747 84.
619 2721 656 2733 ·-
675 2688 844 2758 aedificem]
862 2688 1038 2758 candificant
1055 2690 1104 2760 Lg.
1119 2691 1159 2745 15.
1172 2680 1211 2733 -ss'

157 2776 283 2848 posset]
303 2779 405 2846 possit
429 2775 477 2846 ng.
496 2775 614 2842 xviri,
633 2792 752 2844 quoram
769 2781 831 2827 sunt
848 2775 872 2828 4.
893 2774 918 2830 5.
937 2774 962 2828 6.
983 2775 1023 2829 13.
1044 2776 1083 2831 15.
1103 2776 1145 2830 65.
1163 2776 1205 2831 69.

162 2860 205 2913 76.
217 2860 259 2913 73.
272 2859 313 2914 76.
325 2886 361 2901 ·-
381 2860 552 2929 cuicunque]
568 2863 729 2929 quotcunque
745 2844 795 2933 116.
809 2843 907 2914 2corr.
933 2863 1035 2929 cuique
1052 2862 1077 2915 6.
1092 2863 1124 2916 15
1135 2880 1205 2917 corr.

162 2943 215 2998 Gu.
233 2945 261 3007 3.
276 2972 313 2985 -
329 2945 417 3011 caeli]
432 2945 472 2996 sic
490 2943 542 3015 Lg.
561 2943 602 2997 13.
621 2944 724 2998 1314.
744 2944 786 2998 36.
822 2944 889 3008 call,
908 2945 981 3013 qnod
999 2946 1085 3013 idem,
1104 2947 1144 3001 17.
1163 2950 1204 3002 11.

116 3091 121 3095 ‚
161 3027 254 3099 Magis
265 3028 356 3097 placet
367 3027 430 3094 hoc,
448 3045 528 3097 quam
540 3028 654 3081 coelom
667 3028 795 3085 scribere.
823 3030 899 3082 coeli
914 3029 1036 3101 Lg.xt1.
1050 3060 1086 3072 -
1103 3049 1206 3102 qaam-

162 3114 220 3180 υἷε]
244 3115 293 3165 oio
317 3111 453 3182 quantivis
477 3112 528 3167 Gn.
547 3115 572 3169 3.
597 3116 627 3170 Ζ.
662 3131 716 3169 oua
738 3113 872 3169 911-
893 3116 1017 3183 matari]
1040 3133 1092 3170 om.
1111 3116 1160 3187 ng.
1181 3119 1205 3171 4.

161 3213 248 3266 supra
270 3213 321 3250 scr.
345 3195 514 3261 obscurari,
547 3199 583 3251 ad
606 3217 658 3271 mg.
686 3203 806 3254 mutari
849 3207 967 3253 mutata
993 3199 1044 3269 Lg.
1066 3200 1109 3255 84.
1134 3201 1205 3255 Vict.

162 3281 216 3336 Gn.
238 3280 261 3335 1.
280 3290 310 3333 ιιι
328 3279 411 3333 edidit
428 3280 524 3336 Lamb.
543 3311 579 3324 —
605 3285 729 3353 Iumina]
751 3285 856 3337 limina
877 3282 926 3354 ug.
947 3283 979 3335 15
997 3299 1067 3338 corr.

233 3363 309 3443 ἱ189.
349 3363 434 3432 Cart]
458 3365 522 3418 dedi
539 3368 685 3421 secundnm
703 3367 754 3439 ng.
774 3368 815 3423 16.
837 3367 877 3421 17.
896 3369 931 3420 14
949 3384 1020 3422 corr.
1032 3369 1081 3423 31.
1103 3368 1145 3423 65.
1164 3370 1206 3425 79.

162 3450 207 3504 73.
229 3457 256 3501 et
272 3466 337 3501 mon
357 3447 471 3521 Coponi
487 3467 522 3503 ex
540 3452 565 3505 5.
584 3452 609 3506 6.
627 3452 669 3508 14.
688 3452 729 3507 35.
749 3451 792 3506 65.
805 3451 847 3506 79.
861 3452 902 3506 73.
916 3451 958 3506 76.
973 3451 1016 3506 86.
1036 3469 1089 3521 quo
1107 3455 1209 3509 drucunt

162 3536 304 3604 componi
323 3533 351 3586 in
377 3534 496 3601 1713,
520 3541 590 3609 cept
612 3536 664 3592 Gu.
683 3537 707 3593 3.
733 3535 784 3607 Lg.
803 3536 827 3590 2.
848 3536 888 3589 13.
909 3536 940 3589 Ζ.
963 3534 1035 3603 On„
1063 3542 1133 3611 capi
1147 3556 1206 3595 var.

162 3622 232 3690 cept
251 3620 273 3671 4.
311 3618 398 3671 Sueto
415 3620 514 3673 mendo
531 3619 575 3675 M.
594 3637 645 3690 pro
662 3619 719 3674 M'.
742 3620 793 3674 Ga.
807 3621 831 3673 l.
853 3619 1111 3689 edd.Steph.1unt.
1129 3621 1206 3677 Mon.

162 3701 258 3756 hamb.
286 3701 319 3755 ai.
355 3701 460 3757 Marci
482 3704 550 3760 Viot.
580 3733 616 3746 —-
649 3705 880 3777 emrpeotatione]
910 3720 925 3756 s
950 3705 1076 3759 extritam
1106 3707 1133 3759 in
1155 3707 1206 3779 Lg.

163 3794 277 3856 praeter
293 3788 317 3841 3.
336 3787 361 3841 5.
381 3818 416 3830 —
438 3805 505 3841 crem
525 3788 559 3853 Q.
580 3786 736 3858 Scaevola]
755 3806 878 3859 cumque
898 3785 1000 3842 Scaea.
1020 3789 1068 3861 ng.
1087 3792 1112 3845 3.
1132 3791 1157 3846 t.
1179 3793 1209 3847 17

163 3871 312 3939 (cunque).
330 3873 373 3926 23.
388 3872 431 3926 65.
448 3872 490 3927 67.
507 3871 548 3926 76.
560 3872 602 3926 86.
621 3875 660 3926 ita
674 3892 743 3928 corr.
758 3874 800 3929 13.
831 3890 953 3944 cumque
973 3872 1008 3936 Q.
1027 3873 1207 3938 Scoeoodod.

162 3954 209 4007 De
228 3954 276 4007 illo
294 3956 383 4009 mendi
401 3974 503 4028 genero
522 3975 549 4010 v.
561 3957 702 4012 Drakenb.
722 3957 1033 4022 adorantium.
1053 3957 1086 4012 cf.
1106 3959 1208 4014 xxm.

162 4037 271 4102 39,18.
295 4069 330 4081 -
361 4041 484 4112 calleyo]
508 4042 630 4111 cauleyo
652 4042 703 4113 Lg.
723 4042 765 4096 76.
780 4042 823 4096 73.
845 4069 880 4080 -
909 4043 1003 4107 meur]
1031 4046 1094 4095 eins
1113 4044 1164 4098 Ga.
1182 4046 1207 4099 3.

164 4121 215 4197 leg.
231 4123 255 4178 4.
271 4123 313 4180 36.
331 4153 366 4166 -
393 4124 527 4197 limatus]
547 4126 686 4182 elimatus
704 4127 755 4183 Gu.
771 4126 796 4181 3.
816 4125 916 4179 sublito
935 4143 958 4181 e.
977 4152 1013 4165 --
1038 4129 1113 4181 toris
1127 4131 1209 4200 peri·
