2980 4602
270 318 358 393 uss
646 276 902 381 crns'uours
989 416 995 425 .

355 471 434 548 LIV.
460 484 533 548 231.
556 482 694 549 Imitatus
717 494 766 578 est
786 482 879 551 homo
901 470 1114 549 6111111111
1137 486 1321 553 consularis

269 582 408 667 veterem
428 600 516 665 illum
533 598 706 678 Socratem,
721 604 791 686 qui,
815 618 884 666 cnm
907 602 1042 666 omnium
1064 603 1319 687 sapientissimus

271 729 357 785 esset
383 719 642 803 sanctissimeque
667 719 813 796 vixisset,
841 719 886 783 ita
912 721 945 783 in
972 718 1092 784 iudicio
1120 722 1233 805 capitis
1258 740 1319 806 pro

271 857 306 902 se
329 838 396 922 ipse
419 835 511 910 dixit,
533 846 650 900 utnon
672 835 801 920 supplex
823 847 876 900 ant
895 856 983 912 reus,
1012 835 1069 901 sod
1090 839 1242 932 magister
1263 848 1319 905 aut

271 953 414 1020 dominus
440 951 598 1018 videretur
626 971 700 1017 esse
725 927 871 1018 iudicum.
931 951 1014 1031 Quin
1040 956 1154 1030 etiam,
1189 974 1258 1019 cum
1285 957 1319 1020 ei

270 1072 418 1157 scriptam
439 1071 614 1135 orationem
635 1067 861 1136 disertissimus
883 1080 990 1136 orator
1010 1067 1128 1153 Lysias
1151 1072 1317 1149 attulisset,
1424 1130 1427 1143 .

273 1207 380 1274 quam
404 1188 432 1252 si
454 1189 485 1252 ei
507 1187 678 1263 videretur,
701 1186 870 1264 edisceret,
891 1196 925 1252 ut
946 1207 1063 1273 capro
1085 1208 1120 1252 se
1142 1190 1176 1252 in
1199 1189 1317 1256 iudicio

270 1317 422 1383 uteretur,
456 1324 521 1370 nou
553 1306 667 1368 inuitus
699 1303 777 1388 legit
807 1314 838 1370 et
871 1306 1032 1370 commode
1064 1307 1210 1391 scriptam
1242 1326 1317 1373 esse

271 1425 362 1501 dinit3
385 1422 451 1498 sed,
474 1423 581 1506 inquit,
603 1431 644 1497 ut,
667 1422 696 1484 si
717 1420 791 1485 mihi
812 1421 939 1487 calceos
957 1419 1126 1506 Sicyonios
1143 1422 1314 1499 attulisses,

270 1561 335 1606 non
349 1550 480 1615 uterer,
513 1539 654 1623 (1111111111
686 1549 792 1603 essent
818 1536 943 1604 habiles
976 1550 1008 1605 et
1035 1541 1097 1625 apti
1129 1539 1169 1604 ad
1193 1537 1315 1624 pedem,

271 1659 430 1743 quianon
452 1665 558 1720 esseut
572 1653 692 1732 viriles,
715 1656 762 1720 sic
783 1655 873 1723 illam
895 1658 1068 1722 orationem
1078 1654 1232 1739 'disertam
1254 1655 1316 1721 sibi

199 1760 208 1770 ⁸
271 1784 303 1840 et
324 1777 495 1839 oratoriam
514 1772 629 1849 uideri,
658 1771 770 1837 fortem
797 1781 828 1837 et
848 1772 972 1839 uirilem
992 1793 1056 1839 uon
1076 1750 1188 1839 uideri.
1231 1771 1317 1858 Ergo

271 1891 327 1958 ille
347 1873 472 1977 ¹tutoque
496 1889 659 1954 damnatus
682 1900 867 1975 estusque
890 1889 991 1956 solum
1012 1893 1121 1977 primis
1144 1893 1315 1973 sententiis,

271 2008 384 2096 quibus
397 2016 526 2081 ,tantum
555 2006 732 2072 statuebant
754 2006 875 2073 iudices
898 2007 1084 2073 damnarent
1105 2028 1146 2075 an
1169 2009 1316 2075 absolue-

270 2135 350 2204 rent,
372 2126 545 2192 sedetiam
567 2123 642 2205 illis,
665 2143 744 2210 quas
767 2126 877 2190 iterum
899 2124 1025 2210 legibus
1046 2126 1130 2195 serre
1153 2126 1317 2195 debebant.

271 2360 337 2414 nihil
353 2369 437 2415 muto.
469 2364 574 2431 eatque
590 2359 622 2416 81
639 2376 709 2415 corr.
726 2391 756 2402 -
775 2360 1009 2430 reortettaretar]
1027 2365 1250 2417 resumeretur
1267 2360 1317 2433 Lg.

272 2445 433 2501 718193.
453 2443 521 2498 lunt.
540 2431 736 2499 1111111.’[11111111.
756 2446 790 2500 al.

356 2529 429 2586 LlV.
465 2529 523 2587 231.
555 2533 631 2603 ipse]
651 2536 717 2603 ipso
735 2529 784 2601 hg.
800 2530 842 2584 35.
857 2527 902 2583 67.
916 2528 957 2582 76.
971 2528 1012 2584 86.
1032 2559 1067 2569 ·-
1091 2529 1144 2584 sed
1160 2530 1317 2602 maqister]

272 2616 326 2670 sed
343 2621 376 2669 at
391 2620 536 2688 mayister
553 2616 603 2688 Lg.
624 2617 666 2670 66.
686 2614 781 2685 Steph.
801 2612 879 2666 Mau.
899 2613 934 2668 ul.
954 2645 985 2655 -
1018 2619 1051 2667 irc
1068 2614 1191 2681 iudicio]
1212 2619 1244 2668 in
1263 2632 1317 2670 ont.

272 2700 325 2755 Gn.
350 2701 373 2757 1.
398 2730 434 2741 -
468 2707 498 2754 et
521 2702 686 2769 rtrmmotte]
719 2707 749 2753 et
778 2716 830 2753 ont.
857 2699 927 2753 Vict.
971 2698 1114 2753 commode
1140 2698 1189 2768 Lg.
1216 2698 1266 2753 14..
1284 2731 1316 2742 -

272 2786 428 2857 scriptam]
447 2789 594 2857 scriptam
613 2785 662 2856 Lg.
678 2785 718 2840 16.
738 2783 780 2838 65.
799 2783 840 2837 76.
853 2811 890 2823 —-
909 2783 1071 2850 attulisses]
1091 2783 1184 2836 adteri.
1204 2782 1253 2854 ng.
1274 2783 1315 2839 17.

224 2862 229 2867 ’
271 2869 371 2923 6776.
389 2875 472 2921 -et
489 2870 567 2941 apti]
587 2877 675 2940 atqtre
692 2873 761 2942 apti
778 2866 869 2922 6116.
891 2867 941 2939 ng.
962 2876 1072 2938 praeter
1090 2867 1129 2922 14.
1151 2868 1191 2922 15.
1212 2868 1254 2922 13.
1273 2861 1317 2923 66.

272 2954 314 3008 76.
332 2953 375 3010 66.
397 2983 433 2996 -
456 2955 578 3025 pedem]
600 2955 694 3026 pedes
718 2954 768 3025 bg.
787 2953 830 3007 65.
866 2960 965 3007 essent
987 2952 1100 3006 habiles
1120 2984 1151 2997 ψ
1171 2956 1242 3022 qrtia
1260 2969 1320 3006 nort

273 3056 326 3093 om.
340 3038 392 3093 Gu.
406 3038 429 3092 l.
457 3043 591 3108 quamvis
601 3069 637 3084 ν-
648 3040 732 3093 illam
750 3056 802 3093 otu.
821 3037 942 3090 17111-
959 3038 1154 3106 absolverent]
1173 3039 1320 3092 solverent

273 3124 325 3178 Gu.
341 3122 363 3177 l.
386 3122 437 3194 ng.
460 3123 491 3175 15
503 3138 573 3177 corr.
592 3124 632 3177 66.
649 3156 679 3165 -
700 3125 789 3190 euim]
809 3128 910 3177 autem
927 3121 978 3177 Gu.
995 3124 1018 3177 1.
1037 3155 1072 3164 -—
1088 3124 1196 3196 poena]
1216 3124 1319 3176 addunt

273 3226 310 3263 ea
332 3208 382 3280 ng.
401 3208 426 3263 3.
449 3206 518 3263 5.6.
539 3207 579 3261 14.
604 3208 643 3263 15.
665 3209 705 3265 17.
724 3209 767 3262 66.
787 3207 828 3261 61.
849 3206 891 3260 23.
911 3205 953 3260 ut.
970 3207 1013 3261 35.
1030 3208 1073 3262 67.
1092 3209 1132 3264 76.
1153 3208 1194 3262 73.
1214 3207 1254 3261 76.
1273 3206 1316 3262 36.

271 3294 314 3350 63.
326 3324 363 3337 „-
380 3297 409 3348 si
418 3293 506 3361 fratrs
520 3325 550 3338 -
562 3296 717 3361 sententia]
736 3282 788 3346 otu.
801 3291 854 3346 Gu.
870 3291 893 3346 1.
908 3321 938 3332 -
958 3294 1142 3362 aestimatio]
1160 3296 1318 3346 estimatio
1424 3325 1430 3335 ·

272 3378 321 3449 Lg.
342 3378 411 3432 att.
432 3378 655 3433 11617676.
680 3379 751 3432 vict.
788 3380 976 3430 existimatio
1002 3378 1108 3433 51011.
1145 3380 1319 3433 esstimatto

273 3462 315 3516 lt.
334 3463 375 3517 66.
395 3463 437 3517 63.
456 3464 499 3518 84.
535 3468 687 3518 estimatio
704 3463 749 3515 elii
767 3461 885 3530 quidam.

357 3547 417 3603 232.
454 3554 483 3600 et
500 3550 658 3616 sententia]
677 3548 716 3602 sic
735 3547 797 3601 edd.
816 3547 899 3614 antiq.
920 3554 949 3599 et
966 3562 1021 3599 rec.
1039 3554 1104 3615 post
1120 3545 1204 3612 Eum,
1223 3545 1320 3614 quibus

270 3633 406 3686 accedunt
423 3632 473 3703 ng.
490 3632 530 3687 15.
550 3633 592 3687 63.
612 3632 652 3687 at.
670 3633 711 3686 76.
747 3630 820 3685 haec
838 3629 932 3686 Lumb.
969 3647 1006 3683 ea
1023 3631 1092 3683 coni.
1114 3628 1200 3686 01111.
1230 3630 1321 3700 Volgo

271 3709 317 3770 ’1.1.
332 3748 367 3757 -
384 3719 635 3784 aestimationem]
653 3718 785 3770 eaistim.
801 3713 851 3786 Lg.
865 3716 890 3768 6.
906 3716 949 3770 63.
963 3714 1006 3769 67.
1018 3713 1061 3768 66.
1074 3714 1116 3770 76.
1144 3714 1322 3767 destinatio-

270 3821 339 3857 rtem
354 3804 395 3859 61.
416 3821 487 3863 corr.
507 3806 644 3855 extimat.
676 3805 904 3854 estimationem
920 3799 965 3853 olii
986 3801 1087 3871 plures.
1106 3826 1142 3843 κ-
1163 3799 1322 3864 meruisse]

271 3891 470 3941 conmentisse
490 3887 540 3958 Lg.
558 3886 602 3941 66.
627 3888 762 3955 scriptura
779 3884 971 3939 memorabilis.
992 3915 1027 3926 -
1056 3885 1130 3951 sese]
1156 3900 1187 3936 se
1208 3881 1258 3951 Lg.
1279 3881 1322 3936 14.

274 3970 315 4024 15.
334 3970 375 4025 23.
394 3971 438 4026 66.·
456 3972 498 4025 76.
516 3970 559 4024 63.
580 4001 611 4012 -
641 3978 669 4023 et
686 3972 735 4037 at]
759 3976 794 4022 at
811 3985 862 4023 om.
883 3968 934 4040 ng.
951 3967 993 4022 66.
1015 3995 1051 4010 »-
1080 3966 1260 4032 cotidianus]
1281 3966 1323 4018 sic

272 4051 324 4122 hg.
341 4051 496 4109 1118184.
515 4053 585 4108 lunt.
611 4054 735 4122 quottid.
755 4053 797 4107 76.
825 4054 1001 4123 eqaidtartas
1019 4053 1037 4105 3
1049 4068 1117 4106 corr.
1145 4049 1324 4119 qaodriants
1346 4048 1360 4069 ⁸

274 4134 415 4190 6111-
430 4138 589 4209 prytaneo]
601 4144 752 4209 praetenso
769 4136 820 4208 hg.
836 4137 861 4193 3.
880 4139 907 4194 5.
925 4137 1043 4195 6611111.
1062 4142 1092 4191 ut
1103 4134 1134 4190 6.
1152 4131 1196 4189 35.
1214 4132 1259 4190 65.
1276 4134 1322 4194 67.
