2938 4590
200 332 364 427 ¹ooo
530 298 536 302 ’
661 324 917 395 oreuuorrs
970 282 1015 349 Ψ

260 497 435 584 proposita,
457 495 496 563 de
512 515 575 563 uno
596 495 724 563 dietum:
747 515 816 562 curn
838 495 877 561 de
894 493 1014 563 duobus
1034 493 1167 581 reliquis
1187 495 1307 589 dixere,

174 593 177 601 ¹
262 625 326 680 tun
348 615 407 681 erit
428 613 561 698 denique
582 613 621 679 de
637 613 833 700 disponenda
845 623 912 679 tote
926 614 1068 679 oratione
1085 613 1307 697 quaerendum.

347 727 460 797 XLIII.
497 729 569 796 182.
591 728 683 797 Valet
703 731 799 814 igitur
818 729 946 795 multum
968 729 1009 795 ed
1028 729 1214 795 vincendum
1235 751 1308 817 pro-

261 846 334 915 bari
355 866 459 923 mores
482 857 513 913 et
527 848 668 914 instituta
689 857 720 913 et
735 847 821 912 laeta
842 857 872 913 et
886 849 982 941 ritem
1003 866 1119 922 eorum,
1141 849 1195 932 qui
1212 859 1309 932 agent

262 984 396 1042 sauses,
423 974 598 1042 eteorum,
622 983 678 1050 pro
702 963 829 1049 quibus,
857 966 981 1055 etitem
1001 963 1172 1050 improbari
1195 965 1307 1031 adver·
1336 942 1341 949 ’

261 1083 434 1160 sariorum
457 1083 640 1167 animosque
662 1101 779 1158 eorum,
802 1080 884 1168 apud
899 1100 978 1167 quos
1000 1089 1119 1164 agetur,
1141 1066 1306 1149 conelliari

198 1252 202 1261 .
261 1219 356 1285 quarn
377 1199 510 1264 maxime
538 1197 579 1264 erl
600 1197 850 1264 benevolentiam
875 1216 944 1263 eunr
966 1215 1046 1280 erge
1066 1208 1221 1263 oratorem
1242 1209 1307 1264 turn

263 1315 474 1401 ergalium,
505 1333 562 1401 pro
588 1334 649 1400 qno
680 1315 763 1381 dicet
792 1325 908 1381 orator.
958 1312 1173 1380 Conciliantur
1195 1327 1306 1382 ,autern

153 1430 157 1439 '
260 1433 359 1498 animi
386 1432 536 1526 dignitnie
557 1430 692 1499 bominis
718 1431 812 1498 rebus
834 1432 934 1516 gestis
960 1432 1189 1499 existimatione
1210 1434 1305 1511 ritae,
1456 1514 1457 1525 ἵ

260 1549 499 1636 quoe'ieoilius
525 1551 633 1619 ornari
653 1558 798 1635 possunt,
827 1551 855 1614 si
879 1548 1078 1628 nodosum,
1105 1568 1197 1635 quam
1218 1549 1318 1633 frugi·
1357 1618 1360 1624 ,
1456 1532 1457 1617 l

261 1665 409 1735 ninello
438 1676 517 1733 sunt.
572 1665 638 1732 Sed
667 1666 747 1733 haee
779 1666 928 1732 adurunt
956 1668 1157 1753 irroratum,
1189 1666 1311 1741 lenitas,

260 1785 350 1863 eoois
382 1783 486 1851 vultus
518 1783 646 1871 pudoris
679 1781 867 1868 significatio
898 1781 1065 1849 verborum
1084 1785 1242 1860 uomitus,
1274 1787 1304 1849 ei
1405 1798 1416 1845 ’.
1456 1782 1457 1839 ἶ

262 1900 338 1985 quid
369 1918 560 1987 persequare
592 1902 716 1980 aerius,
755 1910 789 1966 ut
818 1901 932 1967 invitus
968 1909 999 1966 et
1035 1909 1163 1965 coaetus
1196 1900 1303 1967 locere

260 2114 350 2171 duxlt.
370 2145 401 2156 —
427 2117 604 2187 proposita]
622 2120 728 2187 positu
751 2114 801 2186 Lg.
825 2116 850 2169 l.
874 2116 898 2170 l.
922 2117 962 2171 13.
986 2116 1021 2171 33
1037 2131 1108 2169 eorr.
1132 2116 1175 2170 33.
1206 2116 1257 2172 Gu.
1276 2117 1302 2171 3.

262 2200 319 2254 Sed
342 2199 378 2253 de
399 2199 548 2253 dividendo
570 2209 598 2253 et
620 2200 762 2253 tractando
785 2209 943 2271 argumento
965 2201 1081 2253 alterum
1100 2199 1226 2253 Ciceroni
1250 2202 1303 2253 usi·

261 2290 347 2338 iatum
365 2291 419 2337 est:
438 2283 493 2336 eliu
508 2282 589 2354 igitur
606 2285 676 2338 roilo
694 2284 773 2338 huius
789 2284 844 2337 loci
862 2292 890 2337 et
908 2283 1106 2351 ε.36,15;ὶ.-
1130 2286 1207 2353 eum]
1225 2286 1303 2355 qood

261 2386 332 2425 eurr.
352 2385 417 2422 eum
435 2369 483 2433 (τ.
495 2371 597 2438 quom)
617 2370 668 2424 Gu.
688 2369 713 2424 3.

241 2480 248 2490 ·
347 2451 447 2509 XLIII.
486 2451 543 2508 182.
579 2454 764 2521 viucendum]
782 2450 940 2507 dicendum
957 2451 1006 2523 Lg.
1027 2459 1136 2521 praeter
1155 2451 1180 2508 3.
1200 2451 1240 2507 15,
1260 2453 1300 2507 17.

261 2537 303 2592 tr.
320 2537 363 2592 81.
381 2537 440 2602 81.,
458 2536 523 2591 item
541 2537 593 2592 Gu.
611 2537 636 2594 3.
671 2537 844 2593 discendum
861 2536 911 2606 Lg.
928 2536 971 2591 86.
989 2530 1032 2578 ·-“
1053 2541 1083 2588 ei
1103 2538 1253 2605 instituio]
1272 2536 1302 2590 el

261 2621 354 2686 addidi
377 2638 412 2675 ex
431 2619 481 2691 Lg.
500 2622 625 2675 omuibus
647 2632 757 2693 praeter
772 2620 814 2676 65.
832 2621 875 2676 81.
891 2619 949 2686 81.,
972 2619 1036 2674 item
1054 2620 1106 2674 Gu.
1123 2620 1157 2675 2·
1172 2622 1211 2677 ite
1229 2639 1299 2677 corr.

261 2706 311 2777 Lg.
333 2705 376 2760 81.
411 2705 466 2758 Aut
488 2723 543 2759 non
567 2705 675 2773 debuit,
706 2715 753 2760 eut
778 2706 892 2776 siugulis
912 2705 1038 2759 membris
1067 2714 1113 2758 sut
1135 2706 1228 2759 ultiruo
1249 2705 1302 2759 soli

261 2791 365 2861 epponi
382 2788 475 2844 debuit
494 2796 531 2843 ei.
548 2816 584 2830 —
613 2796 642 2843 ei
658 2796 752 2846 eiiam
771 2791 883 2857 eorum]
900 2793 996 2843 eitam
1013 2795 1043 2842 ei
1061 2804 1162 2841 eorum
1184 2787 1234 2859 Lg.
1255 2789 1302 2843 de·

260 2874 376 2928 terioree
387 2873 469 2938 XIII3
488 2874 526 2927 itu
543 2889 611 2929 corr.
625 2874 667 2930 32.
687 2875 773 2929 edidit
787 2873 943 2928 LanrbInus.
979 2880 1008 2927 ei
1024 2876 1164 2927 eitum‘et
1181 2873 1302 2926 excludit

259 2957 374 3012 Bobius.
405 2957 501 3012 Faria
515 2958 636 3028 intellige
655 2959 690 3011 de
706 2958 788 3017 rebus
807 2975 877 3027 quoe
895 2958 931 3013 ud
947 2958 1084 3011 hominum
1100 2957 1223 3010 notitiem
1240 2975 1301 3027 per·

233 3056 237 3063 ·
259 3048 408 3107 venerunt3
422 3040 464 3096 bis
477 3051 505 3096 et
516 3041 647 3095 moribus
661 3051 688 3096 et
700 3046 847 3096 institutio
859 3041 1004 3096 coniicitur
1014 3047 1085 3106 uita,
1101 3058 1154 3111 quo
1166 3041 1301 3112 prioribus

260 3127 380 3182 cumulus
397 3126 514 3180 additur.
540 3125 631 3180 Nemo
649 3127 826 3198 vituperaret,
842 3129 865 3181 si
883 3127 1048 3181 scriberetur
1064 3131 1158 3180 eiiam
1176 3126 1302 3195 denique

261 3227 392 3275 mooun,
415 3204 557 3280 sed-opus
576 3228 632 3265 non
651 3219 701 3266 est.
722 3242 753 3253 -
780 3212 876 3284 apud]
895 3218 969 3284 operi
993 3210 1156 3282 1851.-
1184 3211 1300 3280 nquior]

259 3297 299 3350 sie
315 3295 365 3367 Lg.
380 3295 502 3366 plerique
517 3297 684 3366 (quenquam
702 3300 802 3368 uultur
818 3297 843 3351 2.
860 3296 939 3351 4215.
953 3296 994 3350 35.
1010 3295 1066 3364 36),
1082 3294 1153 3349 Viet.
1174 3295 1225 3350 Gu.
1239 3294 1261 3348 1.
1273 3293 1298 3349 3.
1321 3359 1326 3369 .

260 3379 327 3434 VSi.
350 3380 427 3433 Harl.
444 3380 468 3435 l.
493 3378 592 3433 Perire.
616 3380 643 3433 in
668 3381 710 3435 ed.
729 3380 777 3435 Ill.
803 3380 866 3436 seb.
888 3378 938 3435 0r.
956 3380 1057 3444 Henr.;
1079 3378 1189 3433 videtur
1211 3378 1300 3448 aptius

260 3472 375 3533 propter
387 3462 458 3515 idem
470 3472 576 3532 ternpus
589 3473 616 3517 et
625 3478 814 3536 praegressum
828 3473 855 3518 et
865 3481 991 3534 sequens.
1003 3494 1039 3502 —
1056 3462 1298 3531 benevolentium]

258 3546 297 3601 sic
309 3546 360 3618 Lg.
372 3546 432 3613 IX„
448 3547 475 3599 in
495 3546 591 3616 qulbus
605 3559 668 3603 suni
680 3549 723 3604 36.
738 3549 780 3604 73.
793 3578 829 3590 ·—
846 3567 914 3604 eum
931 3566 1002 3620 erqo
1020 3549 1182 3616 oratorem]
1199 3538 1317 3601 vitiose

259 3639 323 3685 ium
344 3632 465 3685 correxit
480 3631 582 3699 fleur„
609 3634 682 3701 quod
706 3652 774 3689 seue
796 3634 895 3706 legitur
917 3635 945 3687 in
963 3632 1043 3685 bouis
1061 3630 1137 3684 libris
1159 3629 1254 3702 1232,
1274 3633 1299 3685 4.

260 3715 300 3785 13.
321 3714 353 3767 15
367 3732 438 3769 corr.
457 3714 492 3767 24
506 3732 577 3772 corr.
596 3717 639 3771 35.
658 3717 700 3774 35.
718 3717 760 3772 81.
779 3718 821 3775 84.
840 3718 882 3773 93.
901 3718 972 3771 vict.
992 3716 1044 3769 Gu.
1060 3714 1084 3771 3.
1105 3715 1195 3771 Ilavu.
1212 3714 1234 3770 l.
1255 3716 1299 3768 ed.

257 3816 280 3854 s.
293 3800 311 3854 l.
325 3808 353 3852 et
367 3817 391 3854 a.
410 3799 449 3852 ito
462 3816 532 3854 corr.
547 3800 596 3871 Lg.
608 3800 650 3855 32.
667 3832 697 3841 -
716 3802 834 3870 koilas]
852 3801 958 3856 leuitas
975 3800 1025 3872 Lg.
1039 3798 1185 3855 71181.-
1201 3799 1316 3853 uultus·

254 3883 381 3955 pudoris
394 3881 588 3952 slyuifioaiio]
605 3884 704 3939 Peene.
723 3884 794 3939 Seb.v
807 3883 856 3940 Or.
876 3885 1051 3940 conserentes
1064 3883 1097 3939 II.
1108 3883 1151 3950 83,
1165 3882 1234 3946 333,
1252 3882 1300 3936 ubi

208 3992 211 3997 r
252 3966 354 4035 legitur
371 3968 485 4036 ioqeuii
500 3970 705 4021 ostentationis
723 3973 868 4039 suspicio,
886 3971 1101 4039 interpretentur
1118 3965 1298 4037 siqnifieoiio

254 4048 380 4119 pudoris
398 4051 430 4100 iri
447 4049 534 4102 nulio.
570 4048 601 4101 Iu
619 4068 673 4119 que
696 4051 851 4120 explicandi
868 4053 975 4106 rotioue
1000 4069 1054 4106 nou
1073 4049 1172 4115 eloret,
1197 4049 1298 4103 uoltus

255 4146 320 4185 uum
333 4130 482 4202 genitivum
500 4134 747 4193 eunomianorum
766 4153 827 4191 esse
840 4137 986 4192 voluerint.
1012 4135 1082 4191 Utot
1097 4140 1149 4198 est,
1169 4132 1297 4204 distingui
