2968 4596
237 273 244 289 ‘
275 343 332 412 10
672 333 928 403 CICERONIS

274 527 343 574 rum
361 524 400 572 eo
413 503 675 572 deliberationum
687 513 880 580 versaretur,
904 514 934 568 et
956 504 988 569 id
1008 522 1102 573 rmum
1123 522 1224 587 genna
1246 523 1320 571 ora·

273 626 336 692 tori
348 623 535 710 reliquisse:
556 642 620 689 non
635 621 824 709 complectar
840 622 873 689 in
886 618 936 686 his
953 619 1044 690 libris
1059 619 1206 708 amplius,
1228 640 1322 708 quam
1369 656 1389 669 -

274 742 359 830 quod
377 739 452 806 huic
472 742 583 825 generi
603 760 638 806 re
654 741 799 826 quaesita
814 748 844 805 et
859 737 985 805 multum
1007 739 1164 826 disputata
1185 758 1323 805 summo-

275 879 343 926 rum
361 857 520 925 hominum
540 877 636 944 prope
658 838 815 924 consensu
834 866 883 922 cst
900 855 1063 935 tributum3
1090 856 1143 922 23.
1165 866 1321 943 repetam-
1373 889 1388 898 -

275 997 335 1065 que
356 995 421 1043 non
442 975 482 1040 ab
505 974 703 1055 incunabulis
722 982 852 1039 nostrae
866 976 982 1040 veteris
998 974 1189 1061 puerilisque
1205 974 1322 1040 doctri-

275 1113 336 1160 nae
359 1093 513 1179 pendam
535 1046 675 1179 omem
695 1100 943 1177 praeceptorum,
967 1091 1025 1157 sed
1046 1111 1100 1169 aa,
1123 1111 1204 1178 quae
1222 1111 1321 1178 quon·

276 1211 349 1276 dem
374 1211 482 1296 accepi
509 1210 542 1274 iu
562 1218 739 1274 nostrorum
759 1207 917 1274 hominum
938 1208 1264 1327 eloquentissimffi
1290 1219 1323 1276 et

275 1330 360 1394 omni
385 1327 535 1411 dignitate
560 1326 734 1411 principum
758 1325 966 1411 disputatione
989 1345 1062 1391 esse
1084 1306 1232 1404 uersata3
1257 1346 1323 1393 uon

275 1444 360 1531 quod
390 1442 449 1507 illa
480 1451 688 1518 contemnam,
719 1461 800 1532 quae
831 1440 946 1507 Graeci
975 1442 1101 1509 dicendi
1128 1442 1268 1509 artifices
1291 1452 1324 1509 et

260 1560 421 1626 doctores
442 1540 650 1643 reliquerunt3
677 1558 735 1624 sed
761 1578 854 1644 quom
875 1556 936 1625 illa
958 1569 1084 1646 pateant
1109 1564 1141 1624 in
1164 1570 1322 1647 promptu-

240 1700 245 1785 ἑ
275 1696 335 1764 que
362 1677 424 1742 siut
451 1673 593 1741 omnihus
620 1695 722 1761 neque
737 1695 796 1762 ,Q
815 1677 1067 1762 interpretatione
1095 1696 1168 1742 mea
1195 1687 1248 1743 aut
1270 1698 1323 1744 or-

274 1797 379 1862 natius
406 1791 557 1879 explicari
583 1802 636 1859 aut
660 1793 785 1880 planius
810 1794 940 1879 exprimi
960 1795 1095 1879 possint,
1124 1794 1216 1860 dabis
1238 1794 1324 1862 huno

274 1914 412 1987 veniam,
440 1912 483 1974 mi
509 1908 619 1996 irater,
647 1920 680 1974 ut
708 1911 830 1994 opinor,
858 1919 1037 1988 uteorum
1065 1911 1177 1997 quibus
1200 1932 1324 1980 summa

275 2027 400 2093 dicendi
420 2025 492 2091 laus
515 2026 669 2091 anostris
690 2024 867 2091 hominihus
890 2046 1044 2093 concessa
1065 2038 1127 2106 cst,
1150 2032 1324 2096 auotorita-

274 2154 336 2209 tem
359 2141 491 2207 Graecis
515 2151 708 2227 anteponam.

359 2257 425 2323 vll.
455 2256 507 2322 34.
531 2253 631 2337 Quom
646 2260 742 2344 igitur
754 2257 965 2324 vehementius
980 2258 1177 2326 inveheretur
1195 2263 1228 2327 in
1245 2282 1324 2328 cau-

276 2396 343 2444 sam
370 2378 541 2464 principum
569 2375 678 2441 consul
705 2374 865 2462 Philippus
889 2373 1045 2462 Drusique
1066 2376 1240 2443 tribunatus
1262 2398 1323 2465 pro

273 2644 305 2698 p.
326 2643 387 2682 var.
412 2634 455 2679 est
480 2626 507 2678 in
532 2625 575 2679 37.
599 2626 800 2695 reponentem
821 2626 847 2680 4.
866 2625 882 2677 5
899 2639 973 2677 corr.
995 2633 1026 2677 ut
1043 2625 1072 2677 3.
1092 2623 1138 2678 65.
1176 2627 1323 2694 requisita

274 2711 292 2765 3
309 2728 382 2765 corr·
404 2719 434 2763 ut
450 2711 478 2763 3.
499 2709 542 2763 13.
562 2710 608 2763 36.
629 2709 683 2762 Gn.
704 2710 732 2763 3.
771 2709 839 2762 lude
858 2709 940 2760 etiam
958 2707 1144 2779 disputatum
1163 2709 1251 2762 irivita
1266 2707 1324 2761 Mi·

274 2810 362 2848 nerva
378 2792 452 2846 iacta
468 2793 603 2844 correctio
620 2791 700 2845 fluxit
716 2794 744 2845 in
758 2792 827 2858 iliis,
838 2806 913 2861 ‘quos
929 2793 1081 2847 memoravi
1098 2791 1225 2846 omnibus
1241 2808 1323 2862 prae·

215 2860 220 2871 “
273 2885 318 2929 ι..
336 2874 354 2927 u
371 2891 415 2944 pr.
437 2891 475 2927 m.
499 2874 541 2928 na
564 2874 609 2927 co.
632 2874 673 2930 ro.
694 2874 739 2929 ea.
783 2868 794 2891 '·

275 3008 278 3012 .
361 2957 405 3012 33.
442 2956 656 3029 desperatione]
685 2957 933 3030 disputationibus
962 2957 1016 3029 Lg.
1043 2959 1086 3012 14.
1108 2958 1153 3014 93.
1179 2961 1218 3013 ita
1242 2977 1319 3015 corr.

273 3042 319 3096 31.
340 3068 376 3080 —-
410 3055 469 3092 non
496 3036 586 3111 qaod]
615 3057 675 3094 non
699 3059 755 3111 qao
782 3041 834 3111 Lg.
854 3045 880 3097 4.
898 3041 944 3096 36.
964 3041 1009 3097 33.
1034 3059 1108 3095 corr·
1136 3061 1233 3098 omnes
1262 3060 1323 3112 nott

273 3128 345 3197 quia
363 3124 409 3177 33.
430 3150 466 3165 —-
500 3123 601 3194 quom]
638 3123 735 3195 scripsi
762 3143 797 3179 ex
823 3124 875 3197 Lg.
903 3126 1042 3191 omnibus,
1072 3127 1100 3179 6.
1129 3145 1152 3183 ε.
1181 3137 1209 3182 et
1236 3129 1323 3194 Victa,

273 3212 416 3281 quonium
433 3224 501 3277 prae
519 3226 551 3262 se
567 3209 729 3264 ferentibus
748 3236 784 3252 υ-
813 3211 1025 3282 promptuque]
1055 3211 1095 3264 sio
1113 3229 1174 3264 cum
1186 3230 1212 3284 p
1229 3213 1323 3278 litera,

274 3303 304 3348 ut
319 3294 427 3359 solent,
446 3291 499 3363 14.
509 3291 590 3345 xxti
610 3293 731 3364 bonique
749 3311 844 3347 omnes
861 3310 913 3347 noc
930 3294 1032 3348 notabo
1050 3294 1177 3365 posthaec
1195 3324 1233 3336 ·-
1252 3293 1322 3368 pla-

273 3375 354 3448 ntas]
368 3376 487 3449 plenius
506 3374 557 3447 Lg.
578 3377 620 3432 17.
641 3405 676 3417 —
697 3375 829 3450 possint]
845 3384 970 3450 posceret
989 3376 1042 3449 Lgs
1065 3379 1107 3435 17.
1126 3378 1179 3455 Gur
1198 3379 1228 3434 3.
1248 3396 1322 3452 poo-

271 3465 335 3516 rtur
353 3478 426 3515 corre
445 3464 563 3532 possim
580 3461 624 3515 76.
652 3460 843 3533 anteponam]
861 3468 1076 3532 anteponamus
1096 3461 1149 3534 Lg.
1166 3463 1212 3519 81.

341 3543 406 3600 vll.
444 3543 489 3599 34.
528 3542 636 3615 Quom]
661 3546 759 3614 scripsi
781 3562 816 3597 ex
835 3543 888 3614 Lg.
911 3544 953 3600 13.
989 3545 1084 3613 Vico,
1105 3549 1153 3616 qui
1173 3565 1268 3602 wem.
1284 3574 1322 3591 -ι

271 3632 336 3686 dici
350 3627 428 3682 milri
444 3627 582 3696 memini]
607 3630 647 3681 sio
667 3627 719 3698 Lg.
738 3630 766 3682 3.
787 3630 814 3682 4.
839 3628 881 3683 13.
899 3627 945 3681 33.
966 3628 1011 3682 67.
1034 3629 1076 3683 76.
1100 3629 1200 3688 Latuit.
1226 3641 1255 3685 et
1277 3650 1322 3687 re·

272 3723 357 3769 centts
378 3724 468 3766 mern.
489 3711 552 3764 dici
568 3711 646 3769 milti
663 3712 717 3782 Lg.
737 3713 763 3767 5.
784 3712 825 3766 14.
843 3711 887 3766 30.
906 3711 950 3773 34.
967 3711 1011 3765 35.
1029 3713 1074 3767 65.
1092 3714 1135 3768 69.
1156 3715 1197 3769 70.
1214 3715 1259 3769 73.
1271 3715 1321 3770 34.

271 3797 298 3853 6.
316 3796 361 3851 33.
379 3794 434 3849 cu.
445 3794 472 3849 3.
491 3803 520 3847 et
537 3793 630 3848 michi
653 3795 694 3849 16.
712 3795 755 3848 31.
777 3813 864 3850 ortem.
883 3794 961 3849 mitt
977 3796 1040 3851 diei
1061 3797 1087 3851 3.
1107 3796 1147 3851 15.
1165 3796 1209 3851 33.
1246 3799 1321 3854 Reli.

272 3879 349 3934 mihi
366 3895 423 3933 om·
440 3904 477 3919 ··-
509 3877 681 3948 collipendi]
702 3879 869 3950 coelipendi
889 3878 942 3951 Lg-
961 3879 1003 3935 65.
1022 3881 1064 3935 70.
1083 3910 1119 3923 -
1151 3899 1237 3936 socer
1256 3885 1324 3939 eius

273 3966 325 4034 pai
347 3959 463 4034 suerat]
488 3979 622 4017 socerum
652 3962 704 4021 Gu.
724 3963 749 4020 1.
766 3962 792 4017 3.
818 3962 870 4034 Lg.
888 3964 915 4018 4.
935 3963 960 4017 5.
978 3964 1005 4017 6.
1026 3965 1066 4019 14.
1087 3965 1129 4019 15.
1152 3965 1194 4021 16.
1211 3965 1257 4021 30.
1275 3965 1323 4026 31.

271 4047 322 4103 33.Ι
341 4043 385 4098 34.
409 4045 454 4102 35.
475 4046 519 4102 65.
541 4045 584 4101 70.
608 4044 652 4100 73.
675 4045 717 4098 84.
738 4046 782 4104 86.
807 4046 849 4105 93.
873 4067 900 4100 α.
920 4049 947 4103 (i.
973 4047 1065 4104 Have.
1086 4047 1123 4111 B·
1146 4057 1173 4116 β.
1195 4068 1219 4107 ε.
1254 4048 1323 4109 Vct.

274 4128 372 4204 stepo.
398 4127 461 4187 edd,
484 4129 588 4201 antiqu.
611 4127 680 4186 mn.
703 4130 742 4184 ita
766 4147 837 4187 corr.
854 4130 898 4186 33.
933 4131 970 4187 Hi
993 4150 1089 4191 omues
1110 4134 1193 4199 etiam
1203 4131 1322 4207 foues,
