2958 4584
259 314 371 386 2⁰4«
504 372 507 380 .
659 306 915 377 CICERONIS

259 485 359 550 tinere
385 501 450 548 non
475 490 596 569 potest3
626 490 659 546 ut
685 483 797 556 ceteri,
824 483 852 546 si
879 480 987 547 diserti
1015 482 1090 557 sint,
1119 481 1240 568 aliquid
1266 482 1313 549 alr.

195 595 199 604 “
260 599 321 666 hoe
347 599 499 676 habeant,
530 598 596 676 hio,
627 599 690 663 nisi
718 598 898 664 domesticis
926 618 962 664 se
989 601 1169 665 instruxerit
1196 602 1307 686 eopiid,

262 716 388 783 aliunde
412 716 536 782 dicendi
558 718 681 802 copiam
701 726 807 803 petere
828 736 892 781 non
911 718 1021 803 possit.

344 830 387 897 11.
419 833 471 897 39.
499 830 580 898 'l'um
603 831 747 910 Catulus,
775 831 857 909 Etsi,
884 835 995 919 inquit,
1022 832 1154 912 Antoni,
1178 834 1307 899 minime

260 949 475 1037 impediendus
497 960 546 1015 est
566 949 816 1035 interpellatione
839 952 899 1015 iste
921 970 1031 1016 cursus
1054 953 1207 1016 orationis
1223 961 1306 1029 tuae,

260 1071 504 1155 patieretamen
525 1065 660 1153 mihique
682 1067 841 1150 ignosces.
876 1067 950 1133 Non
967 1072 1049 1133 enim
1063 1087 1205 1149 possum,
1229 1072 1306 1149 quio

261 1188 440 1258 reclamem,
463 1195 496 1250 nt
518 1186 561 1250 ait
578 1183 633 1249 ille
655 1186 689 1248 in
704 1182 902 1261 Trinummo;
924 1186 969 1249 ita
990 1187 1125 1250 oratoris
1147 1184 1223 1249 milri
1242 1186 1305 1250 rim

162 1313 170 1326 '
261 1324 331 1370 oum
358 1305 530 1390 exprimere
561 1300 716 1367 subtiliter
747 1303 834 1367 risus
863 1322 914 1379 es,
946 1312 1010 1377 tum
1039 1301 1171 1367 laudare
1199 1304 1307 1389 eopiow

254 1423 406 1509 ⁴tissime⁴3
448 1419 528 1505 quod
568 1419 692 1510 quidem
729 1417 925 1504 eloquentem
959 1419 1011 1485 vel
1051 1421 1163 1506 optime
1199 1419 1307 1485 facere

262 1547 395 1624 oportet,
422 1547 455 1602 ut
475 1536 686 1629 eloquentiam
706 1535 833 1614 laudet3
861 1535 953 1602 debet
979 1538 1060 1602 enim
1083 1536 1123 1602 ad
1145 1555 1215 1621 eam
1236 1536 1307 1601 lau.

262 1656 397 1722 dandum
422 1656 523 1741 ipsam
543 1654 632 1719 illam
654 1652 819 1739 adhibere,
848 1673 944 1745 quum
962 1652 1080 1746 laudat.
1110 1652 1190 1718 *Sed
1210 1673 1307 1741 perge

260 1793 369 1860 porro,
390 1768 448 1838 tibi
470 1773 553 1837 euim
575 1773 733 1850 assentior
750 1781 886 1837 restrum
908 1791 981 1836 esse
999 1770 1059 1837 hoc
1078 1781 1174 1852 totum
1192 1771 1308 1836 diserte
1421 1860 1424 1869 ι

196 1872 201 1882 .
263 1892 369 1956 dioere
397 1890 490 1974 idque
518 1890 545 1954 si
574 1889 643 1973 quis
671 1889 704 1952 in
731 1888 797 1953 alia
819 1899 885 1954 arte
912 1888 1024 1966 faciat,
1052 1908 1122 1953 eum
1151 1898 1308 1975 assumpto

263 2006 389 2073 aliunde
411 2007 455 2070 uti
475 2006 575 2083 bono,
596 2024 661 2071 non
680 2008 807 2092 proprio
828 2026 888 2071 neo
909 2025 978 2072 suo.
1021 2003 1073 2070 to.
1100 2002 1140 2070 Et
1162 2003 1308 2097 Crassus,

261 2122 333 2189 Non
352 2133 393 2201 te,
414 2124 521 2207 inquit,
544 2121 652 2199 nobis,
674 2121 806 2199 Antoni,
830 2123 978 2210 expolivit
998 2122 1214 2209 hominemque
1236 2123 1308 2188 red-

193 2240 204 2267 '
263 2241 350 2307 didit.
410 2238 490 2305 Nam
520 2239 667 2305 hesterno
700 2259 844 2339 sermone
875 2242 967 2306 unius
1001 2240 1162 2306 cuiusdam
1194 2242 1307 2327 operis,

262 2460 362 2531 auum]
388 2459 443 2513 inv.
471 2458 522 2532 lag.
548 2459 573 2514 3.
602 2458 643 2514 15.
669 2457 713 2511 93.
737 2459 780 2513 67.
805 2456 849 2513 69.
871 2458 914 2514 93.
940 2489 971 2499 -
1005 2436 1148 2529 obtinere]
1169 2465 1309 2532 prestare

262 2545 313 2617 Lg'
331 2546 460 2685 6alluo.
496 2627 573 2698 aa]
602 2628 710 2681 arvam
736 2627 787 2699 ng.
811 2628 837 2681 n.
863 2627 905 2682 oe.
930 2627 972 2682 ro.
997 2627 1038 2681 m.
1063 2627 1105 2681 ro.
1129 2626 1171 2679 or.
1196 2625 1239 2678 sn.
1262 2625 1307 2680 so.

261 2712 554 2785 Vict.—tpnooeeo]
577 2711 780 2783 ipnooeuohg.
802 2711 904 2766 1617.
938 2711 996 2765 Pro
1015 2710 1145 2779 midique
1164 2710 1191 2761 in
1210 2708 1262 2762 Ga.
1281 2708 1307 2764 3.
1404 2728 1409 2737 ⁴

263 2810 304 2854 est
327 2798 473 2868 nihilque,
501 2797 528 2850 in
552 2796 603 2851 Gn.
622 2797 646 2851 3.
671 2815 723 2850 om.
744 2815 807 2867 que.
830 2825 866 2838 --
894 2794 1080 2865 Trinummo]
1107 2797 1230 2847 trimino
1255 2791 1307 2862 ng.

262 2885 361 2940 icorr.
375 2886 472 2939 trivio.
499 2885 628 2935 trioomo
643 2900 664 2936 s.
678 2886 809 2935 triennio
824 2881 906 2951 (hoec
919 2882 1060 2935 enimcum
1074 2884 1086 2932 i
1099 2895 1162 2930 raro
1176 2886 1306 2948 punctum

262 2970 404 3033 sustineat,
422 2984 504 3037 aegre
524 2966 681 3037 dignoscas)
701 2966 752 3020 Gu.
769 2967 793 3020 1.
811 2967 836 3021 3.
862 2968 1017 3020 tritumnto
1034 2963 1104 3019 Vict.
1125 2994 1157 3003 -
1178 2956 1309 3015 oratoria

262 3052 339 3106 milti
351 3050 426 3121 olm]
444 3051 582 3121 vulgatum
595 3051 719 3104 ordinem
736 3049 813 3104 mtto·
823 3054 884 3104 olm
898 3053 1029 3104 oratoris
1044 3048 1145 3115 mutavi
1158 3047 1308 3100 secandum

262 3138 311 3210 ng.
331 3154 434 3191 omnes.
460 3135 537 3189 mitt
552 3153 606 3190 om.
624 3135 695 3189 Vict.
715 3167 746 3176 -
774 3152 841 3189 com
859 3134 1041 3207 expromere]
1060 3141 1122 3199 tum
1138 3133 1239 3187 vitiose
1256 3130 1307 3199 Lg.

262 3241 357 3279 omnes
375 3229 485 3293 moster
496 3220 539 3275 23.
555 3221 599 3286 39,
616 3221 643 3272 in
662 3237 716 3288 quo
736 3221 891 3289 posteriore
909 3226 972 3273 tum
988 3237 1023 3276 m.
1037 3236 1091 3273 sec.
1118 3217 1220 3271 Contra
1237 3230 1304 3266 eum

176 3297 184 3309 ’
263 3317 415 3363 correctum
439 3307 467 3359 iu
493 3308 518 3360 5.
542 3305 585 3358 at.
631 3303 785 3358 Praeterea
809 3305 904 3357 verior
928 3305 1077 3373 scriptura,
1109 3303 1144 3356 de
1168 3317 1221 3369 qua
1245 3306 1309 3368 post
1393 3310 1396 3315 ’

263 3391 461 3461 Steterenburgi
493 3389 694 3459 expositionem
726 3390 762 3442 ad
787 3388 867 3443 Aroh.
892 3406 919 3459 p.
946 3388 1002 3442 164.
1033 3384 1223 3440 controversia
1247 3398 1309 3435 esse

262 3468 337 3537 nulla
358 3483 464 3548 potest,
486 3476 513 3527 in
537 3474 588 3528 Gu.
606 3474 632 3528 9.
651 3476 675 3528 3.
702 3482 799 3527 exstat.
820 3505 850 3513 —
879 3471 1013 3543 quidem]
1036 3473 1063 3524 in
1087 3469 1137 3541 Lg.
1155 3471 1181 3523 9.
1200 3470 1225 3525 4.
1244 3475 1309 3537 post

261 3563 333 3616 hane
350 3577 463 3631 vocem,
481 3561 509 3611 in
527 3558 567 3616 13.
586 3568 649 3628 post
665 3550 848 3628 eloquentem
864 3567 1017 3627 sequuntur
1035 3573 1105 3626 qnae
1124 3556 1151 3606 ln
1169 3554 1193 3620 §.
1209 3552 1252 3607 69.
1266 3552 1308 3607 76.

261 3648 398 3718 leguntur,
413 3643 533 3699 averbis
541 3647 715 3716 primorum
727 3649 755 3695 et
768 3649 917 3696 certarum
931 3641 967 3694 ad
979 3639 1117 3694 arbitror.
1131 3659 1167 3678 -’-
1185 3635 1310 3709 optime]

263 3739 382 3807 optume
399 3728 448 3799 Lg.
466 3728 508 3783 20.
526 3756 562 3771 -
590 3726 701 3799 lyssam]
726 3727 810 3780 ettam
833 3728 889 3780 inv.
911 3726 960 3798 Lg.
982 3724 1024 3779 35.
1043 3724 1086 3778 81.
1111 3723 1183 3776 Vict.
1213 3720 1264 3775 Gn.
1286 3720 1310 3775 1.

262 3817 357 3870 illam'
371 3831 422 3866 om.
443 3813 485 3867 76.
504 3841 540 3855 —
568 3810 728 3882 demolior]
752 3812 905 3865 adsentior
929 3810 979 3882 Lg.
1000 3810 1041 3864 13.
1064 3810 1107 3864 65.
1130 3809 1173 3863 67.
1199 3805 1240 3861 76.
1266 3805 1309 3859 73.

261 3901 306 3954 86.
322 3928 358 3937 —-
377 3895 455 3966 arte]
471 3914 503 3948 re
521 3894 569 3966 Lg.
589 3897 615 3950 3.
633 3896 717 3967 5mg.
734 3913 760 3951 u.
780 3905 799 3950 t.
820 3888 916 3967 ldmg'.
937 3913 963 3949 n.
981 3904 1000 3950 t.
1022 3895 1062 3950 16.
1079 3893 1121 3948 21.
1140 3892 1184 3946 23.
1202 3891 1245 3946 65.
1263 3889 1307 3943 67.

262 3983 305 4045 69.
324 3981 365 4034 at,
385 3981 428 4034 86.
446 3980 489 4033 93.
516 3980 554 4032 ita
570 3997 597 4033 v.
616 3980 658 4033 39.
692 3998 712 4034 a
731 3999 764 4033 re
789 3980 829 4035 15.
850 3981 1064 4035 176111.ῌ
1095 3972 1264 4046 assumpto]
1287 3986 1328 4044 p·

264 4073 358 4119 tenent
376 4065 428 4115 mei
446 4078 541 4117 omnes
557 4072 668 4132 praeter
686 4065 711 4123 3.
725 4065 750 4119 d.
763 4066 790 4123 5.
802 4064 828 4118 6.
846 4065 885 4119 ita
902 4062 999 4123 Lamb.
1032 4063 1190 4140 adsumpto
1207 4059 1250 4127 63.
1269 4058 1312 4118 70.

263 4151 306 4206 73.
324 4148 367 4203 86.
387 4146 459 4201 Vict.
1016 4172 1019 4177 ·
