2938 4590
244 306 344 379 m
451 368 455 377 .
646 297 900 380 clenodiis

244 475 401 542 sermonis
433 470 523 539 aient
548 492 612 539 non
636 470 801 558 liquidum,
832 490 896 538 non
926 469 1027 537 iusum
1058 489 1098 538 ac
1122 458 1291 559 profluens,
1385 460 1389 471 ’

139 570 141 575 ,
214 597 217 602 ’
245 593 304 659 sed
329 591 412 658 exile
440 591 561 657 aridum
586 592 747 656 concisum
776 607 814 654 uc
839 590 996 655 nrinutum.
1046 587 1194 668 Quodsi
1221 593 1292 676 quis

245 700 406 798 probabit,
433 710 479 774 ita
499 706 659 795 probabit,
688 716 721 772 ut
742 708 861 774 oratori
881 717 987 773 tamen
1009 684 1116 794 aptum
1132 727 1197 774 non
1217 728 1292 775 esse

246 827 391 894 fateatur.
423 824 512 892 Haec
527 827 610 890 enim
628 834 739 890 nostra
759 826 861 890 oratio
879 824 1083 891 multitudinis
1099 835 1148 891 est
1162 826 1292 892 eunius

248 942 529 1019 accommodanda,
556 938 827 1008 udoblectandos·
848 944 984 1018 animos,
1012 942 1053 1008 ad
1074 943 1291 1030 impellendos,

247 1064 289 1130 ad
311 1078 352 1128 ea
371 1059 544 1149 probanda
567 1077 733 1151 quaeum
755 1058 892 1126 aurificis
914 1069 1048 1138 statera,
1070 1060 1128 1127 sed
1147 1061 1291 1147 populari

247 1174 383 1268 quadem
411 1180 527 1245 trutina
557 1178 782 1243 examinantur.
836 1177 908 1243 160.
940 1176 1046 1257 Quare
1072 1180 1166 1244 istam
1192 1188 1292 1245 artem

132 1338 135 1343 -
246 1309 342 1367 totam
364 1298 564 1371 dimittemus,
592 1313 673 1379 qnae
699 1296 733 1359 in
754 1295 972 1379 excogitandis
994 1298 1185 1381 argumentis
1207 1305 1293 1363 muta

246 1418 374 1483 nimium
404 1422 471 1490 est,
504 1413 538 1478 in
569 1411 746 1479 iudicandis
776 1414 905 1478 nimium
933 1412 1060 1499 loquax.
1119 1410 1292 1481 Critolaum

241 1535 356 1610 istum,
389 1548 481 1617 quern
511 1549 581 1596 cum
610 1527 754 1626 Diogene
786 1531 914 1596 uenisse
944 1548 1184 1608 commemoras,
1218 1542 1291 1619 puto

246 1652 317 1739 plns
347 1648 421 1715 huie
452 1656 560 1714 nostro
587 1626 690 1713 studio
720 1646 873 1734 prodesse
901 1649 1051 1734 potuisse.
1100 1645 1178 1715 Erat
1208 1653 1292 1717 enim

233 1769 289 1836 vaab
311 1770 374 1835 isto
395 1764 582 1843 Aristotele,
610 1766 740 1830 aculus
767 1766 904 1832 inventis
927 1764 985 1830 tibi
1012 1785 1074 1851 ego
1093 1767 1205 1834 videor
1228 1788 1293 1834 non

247 1887 344 1970 longe
367 1882 527 1949 ahemme.
570 1879 675 1967 Atque
701 1884 783 1949 inter
807 1882 889 1949 hunc
910 1882 1114 1953 Aristotelem
1136 1886 1239 1969 (eunus
1261 1896 1292 1953 et

248 2101 291 2156 34
303 2099 347 2156 36.
364 2098 400 2155 33
412 2113 484 2152 corr.
501 2098 573 2155 Vict.
588 2126 625 2141 ·-
642 2114 719 2169 puae
735 2100 841 2171 nepot]
860 2104 913 2172 qut
927 2117 956 2157 a.
975 2100 1026 2158 Gn.
1040 2101 1065 2158 3.
1089 2105 1180 2172 nepot
1195 2100 1290 2159 Mean

248 2185 326 2241 Harl.
347 2185 370 2240 1.
388 2183 414 2238 6.
439 2182 517 2239 Cant.
542 2182 624 2239 Nori.
650 2184 681 2239 Z.
695 2191 721 2251 β.
735 2185 762 2240 6.
776 2203 798 2240 ε.
823 2185 880 2240 Eri.
905 2185 957 2240 Gn.
975 2188 1017 2255 3.,
1041 2185 1138 2257 quibus
1156 2203 1228 2240 nunc
1248 2203 1292 2239 ue·

239 2271 350 2324 vcedunt
368 2269 440 2323 Vict.
458 2275 486 2321 et
497 2267 549 2339 leg.
565 2285 661 2322 omnes
674 2276 786 2339 praeter
799 2270 839 2326 15.
854 2270 896 2326 36.
909 2270 952 2326 81.
967 2271 1009 2327 84.
1045 2278 1155 2344 oepant
1174 2270 1206 2323 15
1219 2288 1290 2326 corr.

249 2365 280 2410 ut
296 2355 381 2410 ceteri
397 2351 531 2425 plerique.
566 2360 652 2425 serpet
670 2353 761 2408 llavn.
781 2354 804 2410 1.
821 2355 847 2410 6.
872 2365 899 2410 et
918 2356 1002 2430 uulgo
1021 2353 1130 2428 praeter
1151 2356 1290 2425 antiquiss.

249 2441 312 2495 edd.
331 2439 430 2493 Psorc.
448 2436 545 2492 Muell.
563 2437 648 2493 fleur.
665 2467 702 2480 —
719 2438 820 2509 affert]
838 2440 941 2510 adfert
957 2440 1008 2513 hg.
1020 2441 1063 2495 60.
1077 2440 1121 2495 65.
1134 2441 1178 2495 67.
1193 2442 1234 2495 7⁰.
1248 2441 1291 2494 73.

174 2521 180 2540 “
250 2526 373 2597 afferret
389 2522 461 2576 Vict.
478 2549 514 2564 -
538 2538 575 2576 uc
593 2525 752 2591 minutum]
776 2531 863 2595 utque
878 2542 919 2599 m.
942 2524 993 2599 hg.
1012 2528 1037 2581 3.
1055 2524 1099 2581 36.
1136 2532 1166 2587 ct
1184 2525 1227 2580 64.
1247 2524 1290 2579 st.

248 2609 292 2666 84.
318 2638 354 2651 -
384 2611 413 2662 st
436 2606 513 2676 puts]
542 2623 578 2660 ex
606 2608 699 2677 paucis
728 2608 809 2663 codd.
831 2609 921 2664 Havn.
941 2610 965 2663 1.
995 2610 1046 2664 Gn.
1068 2610 1090 2665 1.
1108 2610 1133 2666 6.
1149 2611 1176 2666 3.
1200 2611 1291 2670 fleur.

249 2701 400 2766 praeeunte
421 2688 527 2746 Orellio
541 2691 691 2761 scripserat
708 2696 737 2746 st·
752 2697 821 2762 qui,-
843 2711 895 2765 ego
911 2695 1051 2765 vulgatum
1072 2695 1171 2749 reduxi
1188 2713 1224 2750 en
1239 2696 1292 2768 Lg.

249 2777 374 2834 omuibus
391 2783 502 2846 praeter
517 2774 570 2841 36.,
588 2776 616 2829 ἰιι
634 2792 688 2844 quo
708 2780 738 2830 st
752 2778 887 2847 putdem,
906 2786 934 2833 et
950 2779 1021 2833 Vict.
1040 2808 1072 2819 -
1088 2778 1293 2835 multitudinis

250 2863 306 2929 cst]
324 2860 380 2915 inv.
397 2858 448 2930 Lg.
462 2861 488 2913 4.
518 2859 704 2915 multimodis
720 2860 755 2915 36
771 2880 806 2917 ιιι.
825 2880 881 2918 sec.
899 2891 936 2905 ·-
952 2862 1218 2930 accommodanda]
1236 2866 1293 2919 ad·

248 2961 356 3001 comm.
380 2943 429 3014 Lg.
449 2943 493 2998 65.
516 2942 557 2998 76.
579 2945 622 3011 73,
657 2946 859 3002 adcomodutu
881 2947 923 3003 67.
941 2975 976 2987 -
1005 2946 1210 3019 impellendos]
1234 2954 1292 3004 tm-

247 3029 373 3105 ptcudos
390 3026 440 3099 ng.
459 3027 477 3081 6
494 3045 565 3082 corr.
593 3028 644 3082 Bis
662 3037 691 3083 et
709 3049 761 3101 pro
779 3032 821 3085 ud
836 3032 888 3085 Gn.
903 3030 929 3085 6.
945 3059 983 3071 ·-
999 3030 1144 3100 aurificis]
1163 3034 1292 3102 artificis

191 3142 196 3149 .
248 3115 300 3187 mg
320 3113 461 3184 plerique,
485 3113 536 3166 sed
558 3130 614 3167 non
639 3115 735 3184 optimi
757 3115 782 3170 6.
801 3119 826 3171 4.
849 3116 888 3172 13.
911 3114 953 3169 36.
972 3115 1016 3171 36.
1033 3115 1076 3170 63.
1095 3114 1137 3170 84.
1162 3116 1190 3170 in
1207 3118 1242 3172 36
1263 3119 1291 3173 isi

248 3217 305 3254 sec.
323 3214 358 3253 ιιι.
374 3198 490 3267 scripsit
507 3225 543 3238 -·
566 3198 715 3271 populari
731 3199 863 3269 quadam
881 3198 1006 3268 trulleia]
1028 3200 1067 3255 sic
1086 3200 1166 3272 posui
1182 3212 1291 3257 secutus

248 3283 302 3354 lg.
320 3282 346 3337 6.
370 3283 394 3337 3.
414 3285 438 3337 4.
456 3283 482 3337 6.
510 3282 549 3338 13
567 3283 610 3338 36.
629 3283 672 3338 36.
696 3283 749 3337 Gu.
767 3285 810 3375 3.,
833 3285 860 3339 in
884 3301 939 3355 qno
962 3294 1102 3402 postremo
1127 3290 1292 3343 trutinatur

247 3368 386 3439 scriptum.
421 3367 598 3422 stateralis
614 3366 664 3439 hg.
684 3369 757 3423 3.

337 3451 395 3506 too.
428 3452 666 3521 dimittemus]
642 3469 683 3506 src
699 3453 809 3507 correxi
823 3454 963 3526 volgatum
981 3454 1170 3511 dimittamur
1186 3474 1222 3511 en
1240 3456 1291 3529 bg.

249 3538 275 3592 6.
292 3539 317 3592 4.
336 3536 379 3592 36
409 3538 590 3593 dimittimus
607 3540 647 3608 (s.¹
660 3543 703 3605 et)
722 3537 762 3594 13.
781 3538 823 3593 66.
842 3538 886 3594 36.
911 3539 962 3595 Gn.
981 3542 1061 3596 3.-
1082 3544 1178 3610 amau]
1194 3543 1292 3596 multa

248 3622 300 3693 Lg.
314 3621 340 3677 6.
357 3622 397 3678 13.
411 3621 455 3679 36.
475 3621 527 3679 Ga.
542 3624 568 3678 3.
585 3652 621 3664 -
644 3640 730 3694 quem
746 3641 814 3677 eum
830 3623 975 3697 Dioperw]
993 3624 1062 3679 eieci
1079 3626 1175 3680 inutile
1192 3628 1292 3693 simul,

173 3741 190 3755 .,
250 3706 325 3775 quod
348 3706 432 3777 vulgo
455 3715 520 3761 ante
543 3724 611 3762 cum
632 3708 797 3776 inculcatur,
819 3718 929 3763 secutus
950 3708 1001 3781 Lg.
1022 3711 1048 3764 6.
1065 3712 1091 3764 4.
1113 3710 1154 3765 13.
1174 3712 1209 3768 36
1227 3712 1290 3768 add.

248 3789 291 3845 36.
302 3818 337 3830 -
355 3793 581 3860 commemoras]
600 3809 741 3846 commem.
758 3792 810 3864 Lg.
824 3794 866 3849 69.
881 3821 916 3835 -
928 3795 1016 3865 puto]
1035 3810 1089 3848 om.
1104 3792 1153 3865 Lg.
1167 3795 1192 3850 6.
1208 3798 1232 3850 4.
1248 3797 1290 3850 13.

44 3908 54 3922 .
145 3900 147 3903 ·
249 3874 284 3929 36
301 3874 363 3928 add
381 3873 424 3928 36.
452 3875 503 3932 Gn.
520 3876 547 3930 3.
561 3904 600 3942 5-
626 3883 728 3930 nostro
746 3877 859 3946 studio]
882 3878 922 3931 sic
945 3878 1044 3934 inverti
1067 3878 1216 3932 secuudum
1238 3877 1290 3949 lrg.

249 3973 345 4009 omnes
368 3966 479 4027 prester
498 3959 540 4014 67.
558 3959 601 4013 63.
621 3960 663 4014 73.
681 3960 741 4026 33,
764 3961 828 4014 item
850 3963 922 4017 Vict.
946 3962 998 4016 Gru
1016 3971 1081 4017 tros.
1100 3991 1135 4001 -
1164 3961 1202 4013 ab
1220 3964 1290 4031 isto]

249 4037 287 4091 ud
311 4042 375 4109 ipso
399 4042 470 4097 Vict.
489 4070 525 4083 -
556 4043 726 4111 Aristotele]
750 4061 787 4097 ac
812 4043 961 4102 (16.3-
994 4053 1081 4115 etque
1099 4046 1187 4112 soter]
1213 4049 1292 4101 tester

249 4139 302 4175 orn.
319 4121 369 4191 Lg.
388 4125 413 4179 4.
434 4125 474 4179 14.
490 4126 534 4181 63.
550 4153 583 4167 —
614 4127 702 4196 artis]
724 4129 822 4199 scripsi
842 4139 953 4185 secutus
975 4129 1026 4199 hg.
1048 4129 1066 4181 6
1083 4145 1109 4182 v.
1128 4132 1221 4200 arpis.
1249 4132 1289 4197 13,
