2938 4590
185 400 191 411 „
252 316 357 402 ,m
585 358 590 367 .
659 310 915 381 oiosnonus

257 492 329 550 nunt
354 483 621 561 catamerica,
649 502 718 550 cum
741 482 828 549 aliud
849 493 898 548 est
918 492 1141 570 exspectatum,
1184 476 1310 550 Natura

257 601 342 667 enlm
367 620 441 677 nos,
472 611 505 667 nt
532 611 605 667 ante
631 601 711 678 dixi,
737 611 846 667 noster
872 596 1008 666 delectat
1035 616 1143 680 error3
1176 621 1216 667 ex
1244 622 1311 688 qno

238 738 329 784 cnm
352 722 445 803 quasi
466 719 589 805 decepti
611 737 716 784 sumus
738 721 985 804 exspectatione,
1009 717 1157 784 ridemus.

342 833 440 900 LXV.
475 836 549 901 nol.
581 833 618 900 ln
637 834 745 902 verbis
771 838 866 901 etiem
889 835 949 901 illo
975 846 1060 929 sunt..
1087 856 1169 922 qnae
1192 846 1244 902 aut
1264 855 1310 901 ex
1352 851 1359 859 ’

257 954 418 1019 inmutata
450 955 593 1020 oratione
624 953 776 1020 ducuntur
806 962 859 1018 out
890 973 930 1020 ex
959 956 1051 1019 unius
1080 953 1169 1020 verbi
1198 964 1310 1020 ‘mans-

257 1070 378 1137 latione
402 1081 454 1138 aut
475 1091 515 1136 ex
535 1073 715 1137 inversione
728 1071 912 1136 uerborum.
954 1068 1003 1137 lix
1023 1072 1252 1150 immutatione,
1272 1081 1308 1137 ut

259 1188 335 1256 alim
351 1187 459 1255 Rusca
480 1209 550 1281 cum
566 1187 670 1273 legem
692 1188 789 1254 ferret
806 1187 961 1266 annalem,
984 1188 1150 1254 dissuasor
1165 1187 1210 1253 Μ.
1228 1186 1309 1254 Ser-

257 1307 367 1385 vilius,
393 1308 455 1372 Dic
473 1310 568 1380 milti,
596 1308 708 1403 inquit,
736 1307 932 1381 Militari,
960 1326 1051 1381 acro,
1080 1309 1109 1371 si
1136 1319 1248 1372 contra
1277 1318 1308 1373 tc

257 1427 384 1499 caco,
411 1427 489 1489 mus
509 1426 590 1488 mae
611 1426 754 1490 cuano
777 1442 825 1498 cs,
852 1435 889 1489 oc
909 1427 1018 1489 cereas
1039 1426 1164 1507 fecsse
1187 1463 1226 1473 -
1266 1402 1307 1491 eu

257 1552 421 1609 mineatem
441 1543 565 1625 seceris,
589 1545 636 1608 ito
656 1552 759 1616 metes,
783 1542 890 1627 inquit.
933 1541 1007 1606 363.
1028 1538 1076 1606 lix
1095 1540 1307 1608 translatione

257 1670 379 1736 sutem2
413 1670 463 1737 ut,
496 1679 567 1725 cum
598 1657 707 1745 Scipio
742 1657 798 1724 ille
830 1662 932 1724 maior
963 1655 1133 1725 Corinthiis
1169 1668 1305 1725 statuam

254 1776 476 1864 pollicentibus
503 1796 542 1844 eo
569 1775 662 1853 loco,
696 1775 751 1842 ubi
778 1775 912 1842 aliorum
941 1785 1049 1842 essent
1073 1756 1305 1863 imperatorum,

259 1897 406 1962 tumulis
439 1894 516 1967 dixit
545 1896 717 1976 displicere.
771 1891 966 1959 Invertuntur
996 1904 1099 1960 sutem
1124 1894 1240 1973 verbu,
1272 1906 1306 1962 ut

260 2008 396 2077 Crassus
425 2011 506 2097 apud
527 2008 572 2075 M.
594 2009 784 2097 l‘erpemom
810 2009 945 2076 iudicem
965 2031 1022 2097 pro
1043 2010 1206 2080 Aculeone
1234 2034 1305 2081 cum

257 2246 298 2303 tia
315 2247 429 2316 priunum
447 2264 499 2318 pro
515 2245 629 2300 arbitrio
644 2262 694 2299 suo
709 2245 797 2301 videri
812 2246 920 2302 dedisse
933 2247 1015 2313 dicit3
1032 2264 1094 2301 nam
1108 2239 1188 2304 codd.
1206 2249 1229 2303 si
1247 2266 1302 2303 uon

258 2349 368 2398 ornnes,
396 2341 515 2386 attamen
539 2332 664 2403 plerique
688 2332 782 2399 (etium
807 2330 897 2389 liuva.
918 2333 941 2388 1.
961 2332 999 2401 3.)
1026 2341 1053 2387 et
1077 2333 1138 2387 edd.
1164 2334 1301 2404 antiquiss.

258 2413 298 2486 (lu
315 2415 392 2474 Med.
408 2417 433 2472 3.
453 2410 515 2472 om.
526 2418 636 2484 animi)
653 2414 725 2469 hunc
744 2417 868 2471 ordinem
885 2418 1031 2483 exhibeut3
1050 2416 1198 2471 Gruterum
1216 2419 1302 2473 seculi

258 2512 323 2556 sunt
344 2503 469 2573 plerique
496 2500 673 2555 recentiores.
721 2519 760 2555 ea
784 2507 881 2557 enimi
902 2507 963 2556 met
986 2523 1011 2558 s.
1038 2502 1097 2556 Ald.
1127 2502 1196 2558 lunt.
1228 2504 1302 2560 Crat.

205 2633 208 2637 .
257 2585 354 2641 Lomb.
374 2587 438 2643 Scin.
463 2587 491 2640 in
514 2586 558 2641 ed.
580 2587 643 2641 min.
664 2582 729 2653 oc,
754 2587 800 2657 qui
823 2588 946 2642 codicum
969 2587 1158 2642 auctoritatem
1177 2591 1302 2660 sesequi

257 2671 338 2737 dicit3
363 2672 414 2725 sed
438 2674 547 2742 quinam
568 2670 596 2724 hi
614 2671 694 2725 codd.
714 2672 768 2724 sint
785 2673 895 2740 nescio,
918 2673 969 2726 nisi
987 2672 1105 2727 fortusse
1123 2674 1302 2730 Lambiniani.

257 2775 296 2812 ea
314 2760 411 2812 animi
427 2760 473 2811 tui
488 2762 561 2811 seat.
582 2755 687 2810 Gesner.
706 2754 785 2812 Mun.
804 2774 862 2828 rep.
881 2757 1004 2813 Lomb.“
1028 2754 1220 2812 Heariclcsea.
1249 2760 1303 2813 lle·

256 2851 353 2913 ceptus
368 2842 439 2896 orda
453 2850 495 2896 est
506 2843 586 2895 etiarn
600 2841 627 2894 in
642 2841 766 2895 omnibus
779 2841 830 2913 ng.
844 2851 957 2913 praeter
969 2842 1011 2897 76.
1024 2843 1078 2910 84,
1096 2845 1161 2898 item
1173 2842 1224 2896 Ga.
1239 2844 1261 2899 1.
1275 2845 1301 2901 3.

255 2927 375 2982 vict-
391 2929 455 2996 aut]
473 2933 574 2980 autem
590 2925 639 2998 lag.
654 2925 679 2981 3.
694 2925 734 2979 17,
746 2926 787 2980 34.
802 2926 844 2981 36.
858 2926 899 2982 76.
911 2955 948 2967 -
966 2945 1033 2981 cam
1051 2927 1146 2996 aliud]
1163 2933 1303 2999 wantiam

256 3010 296 3067 al.
314 3011 365 3084 ng.
381 3012 406 3067 3.
424 3012 466 3066 36.
484 3012 523 3065 ita
540 3012 579 3064 illi
597 3011 658 3064 libri
677 3011 757 3064 etiarn
773 3020 871 3082 posteo
888 3014 936 3082 (=
948 3015 1103 3082 poam).·-
1121 3031 1188 3067 cam
1206 3014 1301 3084 aliud]

257 3104 311 3153 aut
328 3097 414 3152 aliud
431 3097 484 3153 Gn.
504 3096 527 3152 l.
547 3124 584 3138 ·-
607 3113 645 3149 ea
663 3113 719 3166 pao
737 3096 815 3164 cam]
834 3103 949 3150 etcum
968 3096 1038 3151 Vict.
1060 3115 1116 3150 non
1134 3099 1237 3169 inepte.

340 3199 427 3255 LXV.
463 3198 522 3254 361.
559 3199 783 3266 etiamlaatem
805 3197 971 3269 11383-
1002 3200 1174 3268 immutata]
1198 3205 1301 3257 iamai.

256 3282 306 3356 bg.
319 3284 362 3338 84.
374 3283 417 3337 86.
429 3312 466 3325 —-
484 3284 640 3352 ducantur]
660 3283 798 3337 dicantar
814 3282 864 3354 Lg.
877 3283 904 3339 6.
916 3283 958 3338 65.
973 3283 1006 3337 76
1018 3302 1046 3339 ν.
1061 3301 1086 3338 u.
1101 3294 1119 3338 t.
1137 3283 1168 3337 81
1184 3303 1256 3341 corr.
1267 3312 1302 3327 -

256 3369 432 3438 inversione]
463 3371 661 3423 inmutatione
683 3368 734 3439 Lg.
753 3367 795 3422 69.
819 3397 855 3409 -·
882 3368 997 3437 Rusca]
1023 3375 1108 3423 tusca
1132 3368 1243 3441 1493.
1268 3400 1302 3411 -

255 3452 335 3520 male
354 3451 500 3522 dicturas]
524 3454 634 3508 iunctim
656 3452 707 3525 Lg.
725 3453 751 3507 3.
769 3453 812 3508 33.
830 3453 871 3508 34.
890 3453 932 3509 65.
951 3454 994 3510 ot.
1016 3454 1057 3511 70.
1077 3454 1119 3510 73.
1137 3453 1180 3509 81.
1198 3455 1242 3510 84.
1258 3454 1300 3512 86.

255 3537 328 3592 Vici.
345 3567 381 3576 —
406 3538 449 3606 es]
468 3556 521 3594 orn.
539 3538 590 3610 Lg.
610 3539 635 3594 6.
655 3538 697 3594 65.
726 3545 771 3594 est
788 3538 824 3592 84
841 3555 913 3594 corr.

338 3638 400 3696 363.
436 3641 590 3708 at,-cam]
615 3657 682 3696 cam
708 3658 772 3712 exp.
790 3641 816 3696 3.
840 3640 1008 3696 011134-
1031 3638 1218 3708 Castaliis]
1246 3640 1301 3695 Oo-

254 3725 366 3780 rirttlcis
383 3724 432 3797 ng.
446 3723 471 3779 5.
483 3724 510 3779 6.
528 3725 569 3780 15.
583 3725 625 3780 31.
641 3726 675 3779 34
689 3743 759 3781 corr.
778 3725 820 3782 35.
835 3725 878 3780 65.
891 3724 935 3780 67.
947 3723 990 3779 os.
1010 3724 1051 3779 to.
1067 3725 1109 3780 76.
1125 3725 1167 3780 86.
1186 3725 1257 3782 Vlct.
1267 3753 1302 3765 -

229 3812 367 3878 ‚esseatl
392 3827 444 3865 om.
464 3809 515 3864 Gn.
536 3809 612 3864 1.-
641 3810 792 3879 turmalis]
811 3818 875 3865 tam
891 3809 983 3865 malis
1000 3808 1051 3881 ng.
1069 3809 1095 3863 3.
1131 3816 1195 3864 tam
1212 3810 1301 3864 malis

254 3901 341 3948 eram
357 3893 399 3949 36.
419 3893 519 3947 undet
538 3891 671 3946 linitionis
684 3894 825 3963 adoptavi.
840 3923 876 3937 -
895 3894 1096 3967 Perpernam]
1114 3893 1301 3966 Perpennam

252 3986 333 4030 sueto
351 3978 450 4032 urendo
469 3976 518 4046 ng.
539 3992 633 4028 ornnes
652 3985 765 4045 praeter
780 3978 803 4032 5.
820 3978 845 4032 6.
863 3978 902 4034 16.
917 3979 971 4043 84,
990 3980 1054 4032 item
1072 3978 1123 4034 Gu.
1141 3978 1166 4032 3.
1186 3979 1255 4033 Vlct.
1266 4007 1300 4021 —-

257 4059 450 4127 Gratidiano]
472 4059 552 4112 Crat.
571 4057 623 4128 Lg.
641 4058 681 4112 14.
700 4059 743 4113 63.
758 4067 815 4114 'oum
827 4060 875 4116 -17,
909 4061 1029 4116 Gracia.
1049 4062 1090 4115 76.
1125 4061 1299 4116 Gratidiano

252 4141 295 4199 81.
319 4144 486 4212 prostitutio
500 4141 526 4198 3.
541 4139 583 4198 36.
598 4169 633 4182 -
651 4141 686 4198 L.
697 4142 810 4212 Aelius]
828 4144 890 4199 lloc
907 4161 1006 4201 nomen
1024 4146 1105 4201 varie
1122 4145 1300 4215 depravatum
