2942 4608
250 270 364 368 ’666
665 288 922 360 cressonis

271 458 424 544 dignitate
450 467 567 539 motus,
593 459 760 527 verborum
782 478 904 547 quoqne
927 476 968 526 sa
987 458 1143 544 grauime
1171 468 1204 526 et
1224 459 1337 547 eopia

272 585 335 656 ost,
361 586 394 644 nt
414 596 495 645 unus
522 577 563 644 ad
590 577 755 645 dicendum
779 577 1038 644 immotissimus
1065 584 1220 643 enatura
1245 596 1338 644 esse

270 693 425 762 rideatur.

228 852 234 861 -
357 808 415 876 Ill.
431 794 496 876 ’33.
518 808 571 875 Ad
590 818 713 877 nosmet
733 810 821 897 ipses
842 810 907 875 iam
927 818 1078 888 reverter,
1100 809 1249 895 qnoniam
1274 810 1334 878 sio

271 926 387 996 fuimus
414 946 538 1015 semper
558 927 744 1017 temperati,
771 935 804 993 ut
828 912 986 993 hominum
1007 924 1205 993 sermonibus
1223 928 1336 1025 quasi

272 1044 308 1110 in
335 1043 465 1131 aliquod
495 1046 704 1111 contentionis
734 1042 883 1110 iudicium
912 1062 1118 1122 rosaremurs
1151 1043 1226 1130 nui-d
1256 1054 1333 1110 tam

274 1160 443 1240 dissimile,
471 1180 564 1247 quam
589 1180 651 1249 ego
678 1162 712 1226 in
737 1159 870 1228 dicendo
897 1170 929 1225 et
954 1158 1135 1227 Antoniusi
1167 1181 1238 1226 oum
1263 1162 1331 1228 ille

273 1278 304 1346 is
331 1279 373 1346 sit
399 1288 519 1357 orator,
550 1288 582 1344 ut
608 1276 687 1344 niluil
714 1297 753 1343 eo
779 1278 880 1365 possit
905 1296 978 1344 esse
1003 1279 1232 1364 praestantius,
1259 1298 1331 1364 ego

257 1404 393 1474 autem,
420 1414 598 1484 quanquam
618 1402 731 1477 memet
751 1396 815 1503 ppei
800 1397 985 1521 poenitet,
1013 1415 1083 1460 enm
1103 1393 1164 1461 hee
1185 1398 1330 1462 maxime

274 1521 381 1578 tamen
407 1513 441 1576 in
468 1490 726 1599 comparatione
723 1492 906 1597 eoniung‘ar.
865 1460 1110 1580 millesime
1138 1531 1239 1596 genus
1261 1512 1330 1580 hoo

275 1628 360 1716 qued
387 1630 429 1694 sit
454 1627 593 1696 Antonii
622 1629 702 1697 forto
729 1627 898 1696 vehemens
926 1638 1111 1696 commotum
1136 1631 1169 1695 in
1197 1631 1326 1716 agendo

274 1747 501 1834 praemunitum
523 1758 554 1814 et
575 1768 615 1815 ox
632 1749 717 1814 omni
737 1756 826 1834 parte
849 1764 973 1813 causae
989 1756 1129 1832 saeptum
1152 1766 1227 1813 aere
1246 1767 1328 1815 uou-

244 1892 252 1899 6
274 1873 340 1931 tum
361 1865 557 1931 enucleatum
578 1868 613 1931 in
630 1883 817 1951 unaquaque
839 1884 874 1930 re
898 1883 1094 1931 commorans
1115 1863 1245 1931 honeste
1269 1886 1327 1933 oe·

277 1979 356 2046 dens
384 1983 500 2047 aeriter
520 1984 690 2067 insequens
716 1990 838 2047 terrens
861 1976 1040 2069 supplicans
1063 2001 1183 2048 summa
1204 1984 1326 2051 oratio-

176 2170 180 2177 ,
275 2097 327 2164 nis
348 2076 820 2195 6666666611666666166
842 2101 962 2164 surium
985 2087 1139 2165 satietate.
1182 2100 1233 2164 33.
1255 2097 1325 2168 Nos

277 2223 391 2292 autem,
414 2217 589 2302 quicunque
611 2217 645 2280 in
662 2214 795 2282 dicendo
817 2235 934 2294 sumus,
957 2219 1103 2302 quoniam
1120 2236 1193 2283 esse
1216 2217 1324 2304 aliquo

277 2333 312 2398 in
332 2351 461 2400 numero
482 2331 574 2400 uobis
595 2333 750 2412 uidemur,
779 2344 863 2401 eerte
889 2344 994 2400 tamen
1021 2332 1324 2415 6316166666366

276 2469 408 2541 genere
421 2450 590 2530 distamus3
617 2451 700 2538 qnod
728 2450 821 2538 quale
849 2454 979 2519 sitnon
1005 2461 1054 2518 est
1080 2471 1181 2518 meum
1207 2452 1323 2531 dicere,

362 2684 410 2742 lx.
445 2685 488 2743 33.
524 2688 676 2759 quoniam]
702 2684 821 2759 666636
844 2684 893 2757 lag.
917 2685 953 2740 34
973 2703 1002 2741 v.
1026 2702 1052 2741 6.
1076 2693 1095 2740 ι.
1121 2683 1165 2744 83.
1191 2717 1222 2728 -
1253 2700 1323 2741 eon·

276 2772 397 2845 caspar]
419 2775 528 2844 suuper
549 2759 697 2844 666-
730 2772 855 2840 Anum]
879 2771 976 2842 scripu
998 2788 1035 2824 01
1051 2769 1101 2842 ng
1121 2770 1146 2825 5
1164 2769 1190 2825 6
1216 2770 1257 2825 ro.
1279 2771 1322 2826 17

275 2856 320 2911 31.
333 2855 375 2912 33.
390 2855 432 2912 35.
447 2856 489 2913 35.
505 2857 546 2912 73.
561 2857 603 2912 73.
618 2856 659 2912 73.
674 2856 717 2912 84.
733 2856 805 2912 Vict.
817 2883 854 2899 —-
868 2857 1101 2929 praemunitum]
1113 2858 1324 2929 premunitum

276 2940 328 3012 Lg.
344 2941 387 2996 37.
405 2945 609 3014 permunitnm
627 2938 767 2997 36..’3-
785 2948 815 2996 ei
831 2958 870 2995 en
887 2942 986 3010 omni}
1003 2947 1103 2996 stom
1123 2939 1172 3011 Lg.
1185 2937 1211 2996 3.
1225 2938 1322 2996 5633.

276 3025 303 3081 3.
323 3024 602 3082 reinissum
621 3025 664 3082 33.
682 3025 795 3082 35633.
811 3024 854 3079 35.
873 3025 915 3080 73.
930 3025 971 3080 73.
985 3026 1027 3081 73.
1045 3024 1088 3080 83.
1117 3029 1323 3095 atqueproot

275 3107 682 3167 moestissimum.
719 3106 815 3163 omini
838 3104 908 3179 feeit
924 3109 1052 3181 apposita
1073 3109 1221 3181 persimilis
1242 3123 1321 3180 prae·

275 3195 387 3267 positio.
400 3224 438 3237 —-
451 3197 552 3270 parte]
568 3212 674 3268 ponere
690 3194 741 3268 [ις.
752 3193 794 3250 84.
809 3226 841 3237 -
865 3211 926 3250 666
942 3197 1069 3266 quaque]
1087 3193 1195 3248 divislrn
1211 3191 1266 3265 lig:
1275 3190 1319 3247 37.

276 3278 320 3335 33.
332 3280 374 3335 73.
387 3280 429 3336 73.
440 3281 482 3337 st
494 3279 538 3336 83.
557 3281 698 3351 quodnon
710 3296 821 3349 sequor,
838 3279 902 3351 quie
916 3298 967 3336 sus
985 3282 1092 3350 utrique
1109 3279 1182 3350 parti
1193 3275 1321 3333 voosbull

275 3362 440 3437 significatio
459 3382 515 3419 non
533 3374 649 3421 constat.

363 3448 407 3503 33.
442 3447 543 3520 aliquo
564 3456 597 3506 in
614 3448 739 3518 nunu]
730 3402 955 3521 66163.-
980 3442 1321 3520 notasestequisque]

275 3531 347 3586 lineo
364 3532 480 3606 666163
494 3534 569 3590 3
588 3539 621 3593 in
636 3535 687 3604 iis]
707 3538 739 3590 tn
752 3533 800 3589 luis
816 3533 867 3606 Lg.
880 3532 922 3588 33.
936 3532 978 3588 33.
993 3529 1036 3588 35.
1051 3531 1094 3587 37.
1107 3533 1151 3589 33.
1165 3533 1207 3590 73.
1224 3534 1266 3590 73.
1281 3532 1322 3588 73.

276 3615 319 3673 Sd
337 3615 379 3673 83.
398 3617 469 3675 Vici.
490 3618 541 3675 Gu.
560 3620 601 3687 3.,
622 3621 697 3690 quod
715 3619 877 3692 probarem,
897 3617 949 3672 nisi
966 3617 1130 3689 optimorum
1147 3627 1260 3689 praeter
1277 3616 1319 3674 33.

276 3703 414 3774 praesidio
437 3704 722 3760 hio-destituerernur.
745 3735 781 3745 -
813 3708 845 3760 tn
862 3702 973 3766 verbis,
1001 3720 1092 3773 quam
1114 3707 1147 3757 in
1168 3703 1323 3757 sententiis

167 3809 174 3821 =
277 3787 422 3860 stipendis
440 3788 536 3858 iader]
560 3790 601 3856 616
622 3789 703 3845 Nori.
723 3789 785 3846 nid.
806 3788 874 3844 lunt
900 3788 973 3842 Cret.
992 3787 1089 3859 Steplr.
1108 3787 1205 3851 bamb.
1223 3787 1321 3842 Pesrc.

276 3870 345 3927 lirn.
387 3874 445 3928 Sed
469 3873 541 3929 bene
566 3874 685 3928 ostendit
707 3873 870 3928 Schuetnius
892 3872 980 3928 verba
1002 3890 1093 3944 quam
1115 3874 1147 3930 in
1170 3870 1323 3927 sententiis

276 3955 312 4010 nb
324 3958 524 4027 interpolatore
538 3957 663 4027 profecte
680 3974 750 4022 esse,
769 3965 796 4010 et
813 3974 881 4010 sane
895 3957 1090 4028 ineptissimum
1102 3966 1145 4013 est
1162 3959 1322 4011 sententias

277 4037 349 4110 eliyi
369 4039 477 4105 dicere,
500 4041 576 4108 qnasi
599 4048 710 4109 praesto
727 4041 783 4093 sint
802 4039 900 4108 quibus
917 4051 1002 4097 utare.
1039 4041 1264 4112 luterpolationis
1280 4056 1323 4094 su·

276 4123 428 4193 spicienem
445 4131 526 4194 suget
543 4123 673 4178 librorum
689 4123 881 4195 discrepantia.
910 4129 943 4182 in
959 4126 1055 4182 uerbis
1072 4125 1216 4199 stipendis
1232 4120 1324 4195 quam
