2980 4602
209 242 216 251 '
331 338 333 343 ,
405 256 1009 345 11101110111111111111.
1181 265 1237 337 aa

186 431 329 500 deditum
348 448 465 499 summo
487 429 643 499 hominem
670 432 798 516 ingenio
819 433 978 518 nostrique
1001 430 1238 518 cupidissimum

187 551 407 637 peripateticus
434 547 568 616 Staseas
595 547 688 616 homo
714 548 807 616 nobis
834 569 911 615 sane
939 548 1107 615 familiaris
1136 558 1180 626 et,
1207 540 1260 616 at⁴

6 672 7 675 ’
120 693 123 697 ¹
191 670 272 732 inter
290 667 431 739 homines
454 669 573 755 peritos
598 677 744 734 constare
765 667 874 745 video,
901 669 935 733 in
960 666 1017 734 illu
1041 687 1098 734 sao
1120 686 1239 752 genere

190 787 323 850 omnium
344 787 500 872 princeps.

272 880 393 969 XXIII.
420 902 492 967 105.
515 900 618 980 Quem
638 912 671 967 tu
694 900 779 980 milri,
802 903 900 988 inquit
922 899 1057 979 Mucius,
1080 898 1238 978 Staseam,

188 1039 280 1107 quem
300 1022 537 1107 peripatetIcum
557 1025 693 1085 narrast
733 1018 897 1085 Gerendus
920 1018 1047 1085 esttibi
1070 1039 1137 1086 mus
1161 1019 1239 1085 ado-

187 1113 398 1217 lescentibus,
420 1136 554 1214 Crasse,
582 1139 635 1222 qui
656 1157 720 1204 non
745 1135 861 1203 Graeci
887 1136 1023 1203 alicuius
1048 1137 1236 1204 cotidianam

187 1255 412 1342 loquacitatem
444 1260 513 1321 sine
540 1274 601 1320 usu
626 1274 726 1341 neque
742 1274 800 1320 en
826 1254 944 1321 scholis
972 1255 1161 1329 cantilenam
1188 1275 1240 1319 re-

116 1357 126 1363 *
191 1375 327 1459 quirunt,
354 1374 412 1440 sed
434 1393 473 1439 ex
494 1372 619 1438 homine
643 1374 779 1437 omnium
800 1374 1033 1458 sapientissimo
1057 1382 1148 1459 atque
1171 1362 1240 1437 elo'-

190 1472 395 1577 quentissimo
428 1501 519 1577 atque
554 1510 594 1555 en
622 1509 677 1568 eo,
706 1491 768 1575 [qui
799 1509 863 1555 uon
892 1492 926 1556 ln
958 1489 1090 1567 libellis,
1121 1489 1180 1555 sed
1208 1491 1242 1555 in

90 1588 95 1603 ’
189 1600 337 1674 maximis
366 1611 471 1674 causis
503 1619 533 1673 et
562 1610 595 1672 in
614 1607 687 1674 ·hoc
717 1607 878 1685 domicilio
908 1609 1029 1693 imperii
1058 1617 1089 1672 et
1117 1606 1240 1693 gloriae

191 1728 236 1792 sit
262 1726 396 1791 consilio
422 1727 590 1812 linguaque
618 1702 780 1812 princeps,
813 1727 910 1792 cuius.
927 1726 1065 1808 vestigia
1093 1726 1240 1811 persequi

189 1979 283 2050 placet
307 1978 445 2050 scriptura
467 1978 518 2051 Lg.
546 1979 585 2035 16.
606 1979 647 2033 76.
667 1977 709 2033 73.
730 1977 772 2033 36.
793 1977 835 2032 93.
863 1978 908 2046 qul
931 1975 1080 2031 homiaem
1105 1978 1239 2034 omittunt.

81 2112 85 2118 .
190 2063 256 2118 Non
281 2065 458 2118 mediocriter
483 2064 554 2117 enlm
578 2063 708 2130 offendit,
737 2064 811 2134 quod
833 2063 905 2116 idern
924 2062 990 2116 Piso
1017 2063 1189 2117 adolescens
1213 2073 1242 2118 et

72 2146 75 2165 ¹
190 2166 255 2202 mox
273 2147 359 2203 homo
377 2149 486 2215 dicitur,
502 2166 555 2202 nec
567 2149 659 2218 placet
674 2166 742 2202 sane
760 2148 976 2202 adolescentem
993 2149 1128 2203 deditum
1146 2150 1242 2203 vocari

192 2234 237 2303 qni
260 2234 294 2287 ab
312 2234 503 2288 adolescentia
523 2233 631 2287 deditus
649 2233 740 2287 suerit.
775 2233 804 2287 ln
823 2234 848 2287 3.
873 2237 978 2288 lcorr.
999 2234 1038 2289 13.
1057 2235 1091 2287 33
1109 2252 1179 2289 corr.
1198 2234 1242 2288 36.

190 2317 228 2374 U.
241 2319 272 2371 Ζ.
294 2318 381 2372 borao
401 2325 510 2388 etpost
529 2319 740 2391 cupidissimus
756 2319 892 2383 scribitur,
911 2319 985 2389 quod
1005 2319 1141 2389 posterius
1160 2320 1243 2372 etiarn

190 2422 214 2458 s.
234 2411 263 2456 et
279 2403 351 2456 Vict.
371 2402 492 2468 habent,
519 2402 610 2472 itaque
635 2421 706 2458 corr.
728 2402 753 2458 5.
779 2404 943 2474 expungitur
967 2402 1054 2457 bomo
1077 2405 1104 2456 in
1128 2403 1178 2474 Lg.
1198 2403 1242 2457 at.
1322 2467 1326 2472 .

192 2487 322 2540 1611.-
351 2484 477 2538 Staseas
495 2485 595 2556 bama]
621 2488 722 2542 addunt
740 2488 876 2542 eradetus
893 2486 943 2557 Lg.
966 2487 1004 2541 14.
1026 2488 1065 2541 15.
1085 2487 1127 2542 69.
1145 2487 1189 2541 93.
1207 2513 1243 2526 ·-

193 2569 295 2640 nabis]
321 2587 373 2624 om.
393 2569 443 2641 Lg.
464 2570 503 2624 14.
523 2570 564 2625 69.
592 2572 841 2627 1111161116-
867 2570 1084 2641 1ἱ11111]111111111’
1102 2572 1174 2624 vict.
1243 2596 1254 2631 s

280 2654 379 2711 XXIII.
417 2655 475 2710 105.
510 2655 594 2722 milri,
613 2661 710 2728 inquit
726 2656 861 2727 Mucias]
880 2658 919 2710 sic
935 2655 985 2727 Lg.
1004 2655 1029 2709 3.
1049 2656 1073 2710 3.
1094 2658 1118 2710 l.
1140 2655 1187 2710 1³:
1202 2654 1241 2713 15.

191 2741 235 2796 23.
254 2741 297 2796 32.
317 2741 358 2795 36.
377 2741 419 2795 67.
447 2741 497 2796 Gu.
519 2741 542 2796 l.
561 2742 585 2798 2.
605 2744 630 2799 3.
656 2743 733 2797 addit
751 2741 897 2796 Scaeuola
916 2742 975 2808 31,
1000 2751 1028 2795 ut
1047 2741 1143 2796 Lamb.
1164 2740 1243 2795 Grut.

192 2836 220 2882 et
244 2835 359 2881 receutt.
395 2827 438 2895 At,
460 2828 539 2881 nimis
565 2829 678 2882 concisa
701 2829 839 2882 sententia
863 2832 975 2897 iuquit,
998 2827 1088 2892 milti,
1112 2826 1242 2882 Mucias.

193 2906 228 2966 ei.
244 2912 285 2978 17,
299 2913 341 2965 71.
362 2909 461 2966 Mucii
475 2929 575 2965 nomen
589 2912 643 2979 nic,
661 2912 817 2978 nt‘as'solet,
835 2911 1000 2983 aplerisqne
1013 2931 1062 2983 per
1081 2913 1241 2968 tscribitur.

177 2996 255 3074 (lug.
266 2995 368 3077 XIIII).
395 2994 516 3050 Mucius
528 2998 563 3066 (t)
581 2996 660 3050 milui
673 2996 815 3051 Staseam
831 2999 874 3051 65.
888 3016 959 3055 corr.
978 2997 1054 3051 matt
1073 3018 1125 3055 orn.
1142 3000 1182 3054 73.
1198 2999 1240 3054 81.

192 3091 257 3153 post
274 3079 393 3135 Mucius
410 3083 492 3135 iterat
510 3082 587 3136 mint
603 3082 742 3136 (1113.-
761 3083 921 3154 parendus]
939 3084 1089 3154 pertundus
1107 3085 1159 3140 Gn.
1174 3084 1243 3138 L·-

193 3166 336 3237 adolesc]
348 3160 440 3221 'adul
463 3167 514 3238 ng.
533 3168 575 3221 65.
595 3167 637 3222 73.
656 3167 698 3222 86.
717 3197 753 3210 ——
781 3167 996 3237 alieuiuslom.
1016 3169 1067 3223 Ga.
1088 3169 1112 3223 3.
1132 3196 1167 3210 -
1193 3185 1242 3251 pu·

193 3250 358 3321 tidianam]
376 3253 474 3322 scripsi
491 3252 639 3305 secundum
658 3252 708 3324 Lg.
724 3253 749 3307 2.
772 3253 811 3306 13.
830 3252 872 3305 32.
890 3252 932 3306 81.
952 3253 994 3306 86.
1021 3253 1243 3323 quottidianam

192 3337 217 3392 5.
236 3337 263 3391 6.
281 3337 325 3390 65.
343 3337 385 3391 76.
409 3336 461 3390 Gn.
480 3336 505 3390 2.
533 3336 637 3390 cottia.
655 3338 689 3389 21
707 3354 778 3391 corr.
799 3337 923 3390 162.-
947 3354 986 3390 aa
1005 3336 1128 3408 s'ebolis]
1146 3355 1162 3389 e
1180 3337 1241 3393 seb.

191 3420 243 3492 ng,
262 3421 296 3474 32
309 3438 380 3476 corr.
410 3421 500 3474 scalis
516 3420 567 3491 Lg.
580 3422 617 3486 X,
636 3438 750 3490 quorum
770 3420 923 3476 13.15.67.
949 3421 1019 3476 vict.
1038 3423 1116 3491 isque
1134 3439 1251 3492 semperx

192 3507 238 3559 ita.
257 3536 293 3547 —
315 3504 763 3576 requirunt]repu1reat(lu.2.
783 3534 820 3546 -
840 3509 1008 3577 sapientias.
1029 3513 1117 3576 atque
1135 3506 1243 3578 eloqu]

192 3591 249 3661 inv,
264 3589 319 3660 hg.
338 3590 378 3645 15.
401 3619 437 3633 »-
464 3595 590 3662 aestiqt'a
603 3578 745 3662 persequi
762 3595 899 3662 cupiunt,
918 3589 995 3660 eius]
1019 3608 1043 3647 u.
1058 3609 1089 3663 p.
1109 3592 1162 3660 pud
1178 3609 1241 3662 cup.

193 3679 257 3729 eius
281 3673 339 3730 Eri.
375 3692 400 3729 v..
424 3680 476 3745 qui
497 3693 526 3747 p.
554 3692 617 3747 cup.
643 3678 706 3728 eius
725 3674 782 3729 Erl.
803 3675 826 3729 1.
844 3674 869 3731 2.
893 3674 951 3745 ,Lg.
970 3675 993 3730 3.
1019 3675 1058 3732 15.
1077 3675 1119 3730 30.
1138 3677 1180 3730 67.
1198 3675 1253 3731 69..

177 3760 234 3816 Χ84.
247 3758 290 3814 93.
313 3760 389 3818 ,Vict
404 3758 473 3816 lunt.
487 3761 560 3815 Crat.
576 3760 688 3815 Cockm.
708 3761 746 3813 ita
758 3777 829 3814 corr.
843 3760 884 3813 32.
902 3777 937 3826 „e
952 3761 1124 3814 correctione
1134 3760 1252 3813 minime*

192 3846 369 3909 neeessaria3
397 3850 473 3898 r'ecte
497 3845 570 3898 enirn
594 3843 755 3899 observavit
772 3843 922 3899 Lambinus
949 3849 1012 3899 etus
1037 3846 1155 3915 positum
1181 3857 1278 3927 esse‘

192 3937 312 3999 propter
329 3928 503 4000 hyperbaton
523 3938 551 3984 et
569 3930 679 4000 longam
704 3930 957 3999 interpositionem,
968 3970 970 3974 v
982 3946 1042 3982 cunr
1061 3929 1245 3998 praecesserit

192 4030 232 4068 ear
249 4012 403 4067 bomiue“.
422 4011 614 4069 HertrIclcsen.
633 4041 669 4056 ν·-
693 4013 845 4085 persequi]
861 4018 1002 4084 prosequi
1018 4012 1088 4063 Vici.
1106 4038 1142 4051 ·-
1166 4010 1243 4077 edus]

193 4101 280 4153 cutus
297 4097 349 4171 Lg.
371 4098 411 4156 17.
431 4117 485 4156 om.
502 4099 603 4154 adila.
623 4098 649 4166 §.
671 4098 837 4166 lituusque
854 4097 896 4150 76.
916 4094 978 4146 add.
997 4094 1029 4163 iu
1042 4107 1095 4158 mg.
1252 4123 1255 4127 -
