2958 4584
193 294 198 301 ’
263 335 354 434 ²²⁶.
502 344 506 359 ⁴
662 327 920 396 o1ouu0n1s
974 327 990 411 ἢ

264 501 418 568 liminium
439 520 529 566 esse:
553 498 633 565 nihil
655 494 705 565 ad'
719 510 817 565 artem
839 498 964 565 dicendi
984 518 1045 563 nee
1067 496 1107 562 ad
1128 506 1313 581 argumenta

240 619 460 685 ‚defensionis
487 600 630 683 Mancini
660 636 774 682 nomen
799 619 941 704 peninet.
996 614 1068 680 138.
1101 613 1152 680 Ao
1181 616 1210 680 si
1240 615 1314 701 quid

267 735 357 802 allent
376 744 541 822 praeterea
560 734 695 800 hominis
718 743 771 799 aut
789 734 926 818 dignitas
949 743 1001 798 aut
1020 732 1202 816 indignitas,
1225 743 1315 798 extra

266 854 482 940 quaestionem
513 860 562 916 est
593 861 626 916 et
658 870 698 915 ea
728 861 833 915 tamen
863 852 935 938 ipsa
966 851 1067 915 oratio
1100 849 1142 914 ad
1171 851 1312 915 universi

266 971 393 1055 generis
409 950 660 1053 'disputationem
686 967 841 1033 reseratur
870 987 1003 1033 necesse
1031 977 1088 1031 est.
1135 964 1225 1031 Haeo
1251 985 1312 1050 ego
1412 956 1417 964 ’

145 1170 149 1177 ¹
266 1106 330 1152 non
351 1104 390 1150 eo
413 1084 546 1151 oonsilio
570 1084 707 1169 disputo,
729 1095 762 1149 ut
782 1084 925 1150 homines
948 1084 1085 1149 eruditos
1107 1082 1311 1166 redarguam

218 1218 224 1226 ·
268 1221 446 1288 quanquam
471 1198 719 1286 reprehendendi
746 1212 830 1275 sunt,
859 1203 972 1300 quiin
997 1219 1114 1284 genere
1137 1198 1313 1300 definienqlo

268 1320 348 1383 istas
384 1335 500 1383 causas
532 1316 712 1381 describunt
748 1319 781 1380 in
814 1321 958 1402 personis
997 1327 1027 1382 et
1059 1318 1093 1381 in
1122 1315 1313 1403 temporibus

267 1436 388 1521 positas
415 1454 498 1500 esse.
543 1433 615 1498 139.
642 1430 809 1498 ilamensi
836 1436 994 1499 incurrunt
1020 1443 1161 1519 tempora
1187 1444 1217 1498 et
1242 1452 1313 1519 per-

242 1606 246 1611 .
268 1570 383 1629 sonae,
411 1561 516 1616 tamen
537 1549 781 1633 intellegendum
803 1561 936 1617 estnon
962 1550 1086 1627 aulis,
1113 1541 1171 1614 sed
1197 1569 1235 1614 ex
1256 1569 1314 1633 ge-

245 1687 344 1733 nere
367 1669 561 1752 quaestionis
582 1666 719 1753 pendere
742 1652 867 1734 causas.
911 1667 976 1733 Sed
998 1666 1059 1734 hoo
1080 1666 1158 1732 nihil
1181 1666 1222 1732 ad
1243 1687 1312 1744 me3

268 1783 387 1850 nullum
408 1786 491 1849 enim
511 1782 604 1849 nobis
627 1792 786 1855 certamen
807 1805 877 1850 eum
898 1787 968 1850 istis
990 1805 1063 1850 esse
1085 1783 1187 1849 dehet.
1226 1782 1313 1849 Tan-

189 1875 197 1888 ’
260 1911 333 1973 tum
361 1903 439 1966 satis
472 1909 521 1965 est
550 1899 693 1983 intellegi
723 1921 763 1966 ne
790 1901 851 1967 hoe
880 1901 1004 1987 quidem
1031 1920 1087 1966 eos
1115 1911 1312 1978 consecutos,

358 2116 417 2174 138.
453 2117 500 2185 ae]
518 2123 551 2170 ui
571 2115 862 2187 agenantiam.
881 2115 924 2169 93.
943 2115 1012 2168 vict.
1031 2145 1067 2154 -
1084 2117 1186 2185 affert]
1205 2116 1313 2185 afferet

270 2201 321 2272 Lg.
340 2201 382 2255 31.
418 2200 520 2271 adfert
536 2202 578 2254 65.
597 2200 639 2256 67.
658 2230 693 2240 -
724 2199 864 2268 leontinis]
889 2206 943 2252 ant
962 2198 1090 2252 hominis
1112 2205 1176 2254 vita
1199 2200 1249 2271 Lg.
1272 2201 1312 2255 13.

270 2287 309 2339 ita
328 2303 397 2340 corr.
412 2285 437 2340 3.
456 2285 499 2339 33.
513 2317 544 2325 -
565 2292 617 2339 nni
637 2285 814 2355 indignitas]
834 2301 886 2337 om.
904 2283 954 2354 Lg.
968 2284 985 2336 3
999 2283 1061 2338 add.
1080 2289 1150 2340 nitu.
1169 2287 1193 2339 4.
1208 2284 1250 2339 13.
1270 2284 1312 2339 16.

270 2369 313 2424 33.
331 2369 374 2422 36.
407 2373 472 2423 nitu
497 2387 533 2422 ex
556 2370 628 2422 male
649 2369 722 2422 lecto
746 2373 798 2420 ani
823 2376 911 2429 ortum
934 2369 1051 2444 uidetur.
1075 2401 1106 2410 —
1139 2370 1248 2437 oratio]
1274 2371 1313 2421 sic

270 2448 393 2507 meorum
415 2454 467 2507 soli
490 2452 540 2524 Lg.
558 2452 583 2506 3.
604 2451 645 2506 13.
667 2452 709 2507 36.
746 2453 851 2505 ordine
870 2461 899 2507 et
916 2457 1034 2507 ratione
1057 2457 1081 2508 4.
1099 2453 1141 2508 33.
1179 2458 1313 2508 oratione

270 2538 368 2608 reliqui
391 2554 501 2604 omnes,
525 2538 607 2590 etiam
634 2534 685 2590 Gn.
709 2536 734 2590 3.
776 2536 849 2590 Mox
871 2538 959 2591 verba
983 2539 1025 2591 ad
1047 2542 1180 2593 universi
1198 2542 1313 2610 generis

192 2654 205 2669 κ
271 2623 504 2694 disputationem
526 2619 624 2674 obsunt
647 2621 682 2674 ab
703 2620 753 2689 Lg.
779 2620 804 2674 3.
826 2623 851 2676 4.
872 2621 912 2674 13.
932 2622 974 2676 33.
994 2622 1036 2676 36.
1067 2623 1118 2676 Gn.
1136 2623 1160 2676 3.
1198 2622 1323 2701 Contigit·

215 2756 217 2763 .
269 2704 391 2759 Baklns:
417 2706 494 2775 qnod
520 2712 608 2757 entra
630 2708 833 2773 quaestionem
855 2708 911 2767 sil,
937 2722 973 2758 ea
996 2712 1096 2757 tamen
1115 2710 1182 2776 ipsa
1204 2711 1313 2770 oratio,

227 2807 232 2824 ⁸
269 2789 346 2842 mullo
363 2790 515 2843 sententiae
533 2789 704 2854 discrimine,
725 2788 818 2841 verbis
836 2804 892 2839 non
909 2786 1137 2856 elegantioribus,
1160 2789 1209 2841 sed
1232 2807 1314 2857 quae·

270 2872 337 2924 sitis.
355 2898 391 2912 ·-
422 2890 456 2926 eo
482 2873 616 2939 coneilio]
643 2890 677 2925 eo
702 2889 755 2947 om.
780 2871 831 2924 Gn.
850 2869 875 2922 3.
899 2860 1041 2936 utrumque
1065 2886 1117 2926 oni.
1143 2871 1192 2942 hg.
1208 2864 1258 2928 15.
1278 2904 1314 2915 —-

271 2956 338 3024 qni]
363 2953 397 3008 ini
417 2973 438 3010 s.
461 2956 507 3012 iiii
530 2959 575 3026 qni
596 2955 646 3026 Lg.
666 2955 691 3010 3.
709 2957 733 3009 4.
752 2955 777 3007 6.
798 2953 837 3007 13.
855 2953 897 3005 84.
924 2951 975 3006 Gu.
994 2952 1019 3005 3.
1038 2952 1063 3006 3.
1100 2958 1126 3008 ii
1144 2961 1197 3024 qni
1215 2956 1257 3014 36.
1278 2988 1314 2998 -

271 3037 448 3109 definiendo]
467 3041 564 3112 diffin.
581 3041 653 3093 vict.
671 3047 698 3091 et
713 3037 782 3107 Lag.
800 3035 889 3101 XVL,
907 3044 958 3087 ue'c
974 3044 1064 3099 tamen
1080 3036 1107 3093 3.
1125 3040 1149 3092 4.
1169 3040 1194 3094 5.
1214 3039 1254 3095 13.
1290 3068 1300 3117 ¹.
1322 3037 1338 3101 s

359 3163 416 3220 139.
452 3154 688 3235 ἰητεὶἱεῃὲπιὶπνη]
709 3162 749 3213 sic
766 3159 816 3230 hg.
837 3159 877 3213 13.
896 3158 937 3213 36.
952 3163 991 3201 ’-
1006 3179 1060 3235 ,επ
1078 3161 1137 3230 ltin]
1161 3165 1311 3236 sic-scripsi

270 3264 306 3302 ex
321 3247 373 3318 Lg.
385 3248 428 3303 35.
442 3248 484 3301 36.
497 3248 539 3300 67.
555 3246 597 3299 69.
610 3245 651 3299 76.
667 3245 709 3299 si.
729 3244 780 3297 Gn.
794 3242 888 3309 tribus,
906 3244 1051 3297 ut‘dudunn
1065 3248 1187 3315 oportuit
1199 3257 1312 3321 propter

271 3333 400 3401 opposita
416 3330 567 3399 sequentia.
597 3327 700 3381 111113.
720 3329 753 3381 17
771 3344 841 3381 conr.
861 3336 891 3381 ut
907 3327 949 3382 35.
968 3327 1010 3381 81.
1027 3357 1063 3369 —-
1077 3333 1220 3402 pendere]
1239 3334 1312 3386 dore

269 3413 321 3485 Lg.
336 3414 361 3468 6.
390 3413 517 3473 deressl.
540 3413 588 3466 nel
598 3411 729 3484 pendere
748 3410 788 3465 15.
806 3410 850 3466 86.
873 3412 1023 3484 prendere
1040 3413 1081 3467 34.
1099 3396 1134 3457 —L
1151 3420 1310 3486 certamen]

269 3506 333 3570 post
357 3501 425 3550 iniis
448 3496 558 3565 ponitur
581 3497 609 3549 in
629 3495 680 3567 Lg.
699 3497 724 3550 4.
748 3494 840 3549 et‘etl.
866 3494 963 3550 Lamb.
981 3526 1018 3537 -
1045 3498 1193 3570 intellegi]
1216 3502 1311 3573 scripsi

270 3599 306 3634 en
323 3580 372 3649 Lg.
392 3578 432 3634 13.
451 3608 486 3619 -
510 3581 680 3652 potnerunt]
695 3585 838 3652 poterant
854 3578 962 3634 Bakius
978 3580 1091 3645 suodei3
1110 3584 1186 3637 nulla
1204 3586 1312 3654 quidem

270 3664 305 3717 de
322 3680 413 3718 nausa.
431 3690 467 3704 ›—
495 3666 599 3732 eiiam]
617 3672 646 3717 ei
664 3664 714 3735 Lg.
732 3665 757 3718 5.
778 3664 817 3718 14.
840 3663 879 3718 15.
900 3663 941 3717 16.
959 3663 1002 3717 36.
1021 3663 1063 3719 31.
1083 3665 1125 3721 33.
1143 3667 1183 3723 34.
1204 3670 1247 3724 65.
1267 3671 1308 3733 67.

269 3746 310 3801 70.
327 3745 368 3801 73.
383 3747 424 3802 76.
442 3747 485 3802 86.
504 3749 571 3801 talia
588 3748 734 3801 ostendunt
753 3764 833 3817 quam
851 3762 935 3815 saepe
951 3745 1005 3799 lion
1021 3747 1120 3803 iniuria
1138 3752 1310 3807 substitutum

268 3831 419 3885 1111111·-
436 3833 545 3904 panio]
563 3833 603 3884 sic
618 3831 669 3901 Lg.
688 3848 782 3885 omnes
800 3839 912 3901 praeter
928 3828 954 3884 3.
974 3831 998 3883 4.
1016 3829 1043 3911 fi.
1062 3830 1087 3886 6.
1159 3861 1165 3869 ·

353 3955 411 4010 146.
446 3955 513 4025 lton]
532 3955 604 4008 iaec
620 3955 671 4026 lg.
683 3956 725 4010 84.
744 3955 795 4008 Gn.
811 3954 836 4007 3.
850 3980 886 3995 —-
903 3960 938 4007 ni
955 3953 1035 4022 dini]
1052 3960 1310 4014 1110111663,-

267 4051 304 4087 ao
325 4038 431 4106 multo]
456 4055 494 4091 ae
518 4053 570 4092 om.
593 4038 662 4092 Vici.
687 4055 752 4091 mox
776 4041 868 4091 etiam
893 4053 945 4090 om.
969 4036 1020 4108 Lg.
1041 4038 1099 4105 33,
1124 4051 1189 4094 onte
1213 4045 1309 4097 multo

264 4117 455 4184 11016133.-
487 4135 544 4189 quo
567 4120 667 4190 modo]
688 4122 728 4177 sie
750 4120 801 4190 Lg.
821 4120 862 4174 76.
881 4119 924 4173 83.
950 4129 979 4174 ui
1001 4119 1078 4177 Man.
1102 4121 1201 4180 Lamb.
1239 4124 1308 4196 qen),
