2958 4584
169 330 201 397 μ,
250 309 351 383 ms
488 322 494 341 ι
563 314 584 336 ’<
630 304 887 375 urcnnoms

138 508 145 517 ¹
252 485 440 564 sequentum
472 485 543 542 sunt
573 477 656 542 enim
682 476 927 545 mnumerabiles
958 478 997 544 de
1023 477 1073 543 bis
1099 479 1194 545 rebus
1222 479 1298 547 libri

252 614 354 681 neque
383 593 485 660 abditi
510 615 611 678 neque
627 593 783 660 obscuri.⁴
818 591 902 660 ·Sed
927 594 1054 661 videant
1085 598 1160 682 quid
1190 597 1299 676 velint,

255 711 297 785 ud
322 710 529 777 ludendumne
558 731 599 778 au
630 701 894 798 obpugnandum
926 732 1015 778 arma
1045 716 1108 780 sint
1139 717 1330 801 sumpturi.-

253 830 351 903 Alind
374 832 456 896 enim
472 849 578 916 pugna
599 840 630 895 et
645 832 742 908 acies,
765 830 852 897 aliud
872 831 963 898 ludus
987 851 1175 918 campusque
1191 843 1301 899 noster

255 947 424 1019 desiderat.
467 947 616 1015 Attamen
636 968 689 1014 ars
710 950 780 1034 ipsa
800 948 924 1015 ludicra
945 968 1101 1016 armorum
1122 958 1153 1016 ct
1173 950 1301 1035 gladia-

254 1068 316 1141 tori
342 1075 373 1131 et
398 1065 490 1131 militi
511 1066 639 1152 prodest
665 1065 802 1151 aliquid,;¹
829 1066 886 1133 sed
911 1069 1032 1133 unimus
1060 1089 1135 1135 acer
1155 1078 1186 1135 et
1207 1088 1300 1155 prae-

256 1204 331 1255 sens
358 1193 389 1273 et
411 1193 518 1249 acutus
546 1183 629 1248 idem
657 1194 748 1269 atque
769 1194 913 1250 versutus
939 1186 1072 1252 invictos
1093 1188 1180 1253 viros
1205 1185 1302 1252 efficit

86 1320 96 1333 ·
168 1287 178 1294 ’
255 1321 320 1369 non
348 1300 506 1367 difficilius
536 1311 602 1367 arte
630 1304 805 1368 coniuncta.
847 1301 899 1367 85.
927 1300 1033 1381 Quare
1061 1303 1202 1388 egotibi
1228 1323 1302 1371 ora-

256 1430 356 1486 torem
378 1421 426 1484 sie
448 1420 510 1483 iem
532 1421 700 1497 instituam,
724 1421 752 1485 si
772 1430 892 1506 potero,
913 1430 946 1487 ut
967 1421 1041 1513 quid
1063 1421 1187 1487 efficere
1201 1423 1303 1508 possit

256 1547 330 1609 ante
351 1538 548 1624 perspiciam.
593 1520 643 1603 Sit
670 1539 753 1603 enim
780 1535 858 1602 mibi
880 1540 993 1603 tinctus
1020 1538 1139 1618 literis3
1168 1538 1302 1604 audierit

259 1655 379 1740 aliquid
400 1654 513 1738 legerit
534 1656 597 1721 ista
610 1657 682 1741 ipsa
701 1666 870 1742 praecepta
886 1659 1057 1742 nccepmit:
1079 1656 1206 1723 tentabo
1228 1655 1303 1741 quid

256 1774 370 1841 deccat
396 1773 470 1858 quid
496 1792 574 1840 uoce
607 1772 681 1860 quid
707 1772 827 1843 uiribus
858 1773 932 1860 qnid
959 1776 1069 1860 spiritu
1095 1775 1170 1862 quid
1193 1774 1304 1860 lingua

257 2014 457 2078 assequuntur
471 2006 534 2077 (ing.
544 2006 583 2075 t.)
601 2015 648 2060 aut
665 2015 821 2078 repnentur
838 2007 902 2079 (Gn.
915 2006 940 2063 2.
959 2007 1009 2079 hg.
1021 2008 1078 2077 26.)
1096 2007 1176 2062 codd.
1195 2023 1304 2070 omnes3

261 2111 288 2148 v.
319 2092 525 2163 explicationes.
569 2096 776 2147 nanciscentur
811 2088 927 2147 coniecit
955 2093 1099 2160 Schuetz„
1137 2096 1305 2164 apisceatar

261 2176 435 2232 Scbueierus.
473 2194 492 2229 a
510 2194 542 2228 se
565 2177 672 2231 sublata
695 2179 867 2232 distinctione
893 2187 955 2248 post
974 2178 1078 2232 docent
1095 2177 1202 2231 Bnkius
1226 2176 1305 2228 inerti

260 2262 463 2325 additamento3
482 2262 506 2314 si
526 2263 670 2335 quarenim
688 2263 733 2316 bie
749 2259 889 2317 rhetorum
906 2263 997 2315 irrisio
1016 2272 1073 2330 est,
1092 2272 1133 2317 est
1152 2264 1232 2317 etium
1251 2261 1304 2313 iltis

261 2365 317 2401 non
342 2346 448 2400 additis.
484 2345 556 2400 Mox
579 2351 658 2401 enim
680 2351 801 2419 ineptum
825 2365 886 2401 esse
909 2347 1051 2402 affirmans
1074 2350 1185 2421 corrigit
1204 2351 1303 2401 ettanu
1336 2370 1338 2377 >

225 2468 230 2477 ·
257 2431 406 2503 'Perpolito
429 2431 478 2484 illa
497 2441 574 2485 eruut
594 2450 649 2486 non
667 2435 749 2487 modo
774 2433 981 2501 abactoribus,
1004 2434 1055 2487 sed
1072 2435 1153 2489 etiarn
1169 2433 1252 2487 libris.
1270 2460 1305 2472 ›-

260 2518 300 2573 de
317 2516 376 2585 bic]
396 2515 432 2569 dc
450 2520 488 2570 iis·
507 2516 558 2587 Lg.
572 2518 612 2572 76.
627 2548 663 2558 --
679 2519 812 2586 videant]
831 2517 966 2571 indicant
985 2520 1036 2574 Gu.
1050 2519 1075 2573 3.
1093 2547 1128 2561 —-
1148 2518 1306 2591 sumpturi]

209 2632 214 2637 -
259 2606 300 2660 sic
320 2619 379 2657 cum
395 2619 417 2673 p
436 2601 487 2655 Gu.
504 2602 526 2656 1.
541 2601 566 2656 2,
583 2602 633 2674 ng.
656 2621 751 2657 ornnes
769 2610 879 2673 propter
896 2601 920 2657 3.
940 2605 965 2658 t.
984 2605 1054 2667 5·.ss·
1081 2611 1149 2657 nanc
1167 2603 1218 2655 Gu.
1236 2602 1307 2655 1.-

260 2688 408 2754 attamcn]
432 2687 538 2740 divisim
563 2684 612 2760 bg.
631 2688 655 2742 2.
681 2688 706 2742 3.
734 2688 774 2742 13.
789 2686 835 2742 17.
859 2686 903 2742 20.
921 2687 963 2742 21.
986 2687 1028 2741 32.
1046 2688 1087 2743 35.
1106 2687 1149 2741 36.
1167 2688 1208 2741 67.
1235 2686 1304 2740 Vict.

263 2772 338 2842 qnod
367 2788 415 2824 cur
443 2788 499 2825 nnn
532 2773 644 2843 probem
672 2771 835 2845 significavi.
866 2804 897 2813 -
933 2773 1013 2827 tdem
1038 2772 1139 2841 atque]
1170 2770 1308 2840 idemque

260 2875 305 2997 bg
348 2940 391 2995 85.
427 2940 484 2994 titt
505 2943 667 3010 oratorem]
691 2945 746 2997 inv.
771 2920 866 3014 Βξ2.
890 2942 980 2997 aas.
1003 2941 1251 2997 1111601632-
1280 2946 1310 2996 ri

147 3076 151 3082 .
258 3027 378 3101 potera]
403 3026 550 3096 plerosque
569 3027 648 3083 codd.
669 3027 771 3080 babere
787 3033 929 3100 patuere,
951 3026 1025 3096 quod
1044 3026 1079 3079 ab
1097 3028 1168 3082 Aldu
1188 3029 1224 3081 ed
1240 3027 1306 3082 nm.

263 3121 404 3181 receptum
420 3120 455 3185 ,et
481 3130 498 3165 a
521 3109 618 3168 Mucii.
644 3109 693 3166 Or.
719 3113 802 3167 Henr.
831 3114 984 3167 restitutum
1010 3122 1069 3179 est,
1099 3113 1197 3167 notitia
1219 3113 1308 3183 bogo-

203 3242 207 3247 ,
258 3197 490 3251 ,ιηαηὶηἰειηοῐιιω
509 3197 582 3250 iacto
599 3196 693 3250 dubito
711 3199 803 3252 valde.
838 3198 899 3270 Ego
915 3205 1020 3270 petere
1042 3199 1140 3268 scripsi
1159 3197 1308 3251 secundum
1415 3220 1420 3225 ·

266 3282 317 3335 Gn.
334 3281 358 3335 2.
387 3281 436 3352 bg.
456 3281 481 3333 2.
498 3281 523 3335 3.
541 3283 566 3334 4.
593 3281 631 3337 13.
652 3282 752 3336 15.16.
773 3283 814 3335 17.
839 3285 881 3337 26.
900 3284 941 3338 21.
960 3282 1009 3337 23.
1022 3282 1063 3337 nt.
1081 3283 1125 3337 36.
1142 3284 1184 3337 66.
1204 3283 1245 3336 67.
1264 3281 1307 3336 611.

259 3367 307 3421 no.
322 3366 363 3420 73.
378 3366 419 3420 76.
433 3366 476 3420 86.
489 3365 533 3420 93.
551 3366 640 3421 Hruvu.
652 3366 677 3421 2.
696 3369 757 3422 edd.
775 3369 914 3437 antiquiss.
933 3368 1030 3437 Stepb.
1049 3367 1154 3435 hamb„
1170 3370 1198 3421 in
1213 3367 1310 3436 quibus

263 3460 376 3522 practer
401 3451 453 3505 Gu.
472 3449 509 3505 3.·
524 3459 566 3504 est
590 3452 721 3520 quidquid
744 3453 803 3507 fere
825 3454 960 3507 bonorum
982 3444 1114 3506 librorum
1135 3461 1234 3507 exstet.
1270 3451 1311 3506 lte

265 3554 335 3590 corr.
351 3535 393 3589 32.
409 3563 446 3576 -·
462 3536 545 3604 qaid]
563 3538 705 3607 quicquid
722 3538 772 3609 ng.
787 3538 812 3593 2.
825 3538 850 3591 3.
866 3540 890 3592 t.
907 3538 947 3592 13.
966 3538 1000 3591 32
1019 3538 1190 3608 (quidquid)
1207 3536 1250 3590 36.
1268 3537 1310 3591 66.

265 3639 318 3675 om.
337 3622 361 3674 5,
380 3621 406 3674 6.
425 3620 467 3675 21.
487 3620 550 3673 odd.
566 3621 608 3675 65.
626 3649 662 3660 -
682 3625 878 3696 perspiciam]
897 3626 1081 3696 prospiciam
1099 3622 1149 3693 ng.
1168 3624 1245 3678 1.-
1273 3626 1313 3676 sit

266 3706 355 3773 euim]
375 3709 403 3758 st
416 3708 495 3757 enim
512 3705 583 3758 vict.
602 3707 652 3760 Gu.
669 3707 691 3761 1.
706 3736 742 3748 -
760 3710 882 3776 tinetas]
900 3714 1006 3776 nuptus
1022 3706 1071 3778 ng.
1087 3708 1112 3762 2.
1126 3737 1162 3747 -
1182 3706 1311 3775 tentabo]

266 3788 484 3862 temptabo-bg.
500 3789 524 3842 5.
545 3788 585 3843 13.
604 3790 646 3846 21.
665 3793 699 3848 32
714 3811 785 3847 corr.
804 3793 846 3851 65.
863 3794 905 3849 67.
924 3793 967 3847 69.
988 3794 1029 3848 76.
1049 3793 1091 3845 73.
1109 3791 1154 3861 86ζ
1172 3793 1224 3848 Gn.
1239 3792 1265 3845 3.
1277 3821 1312 3831 -
1425 3808 1439 3817 ·

261 3876 372 3948 pascit]
395 3879 465 3926 ante
482 3880 670 3947 perspiciam
693 3878 803 3930 odtbtnr
825 3879 852 3931 in
869 3878 920 3949 Lg.
940 3878 982 3934 35.
1000 3878 1042 3934 oo.
1069 3879 1108 3932 itu
1125 3894 1195 3931 corr.
1215 3875 1258 3930 81.
1276 3903 1312 3917 ·-

261 3958 448 4028 ¹intellcparn]
467 3959 564 4028 scripsi
582 3978 617 4013 ex
633 3960 684 4031 lig.
702 3962 742 4015 13.
761 3961 803 4016 65.
823 3992 859 4001 -
880 3980 939 4016 non
956 3964 1052 4016 ,salum
1069 3960 1224 4029 hortabar]
1243 3960 1314 4014 lter·

256 4040 355 4096 ‘tabor
378 4058 436 4094 nan
461 4041 558 4095 salam
580 4043 631 4114 Lpp
648 4045 673 4100 2.
693 4046 717 4100 5.
737 4046 763 4100 o.
780 4047 821 4100 lt.
842 4047 882 4101 15.
903 4047 941 4103 16.
964 4045 1310 4102 recontractus

261 4127 310 4193 61.
326 4126 367 4183 70.
384 4126 425 4180 73.
439 4125 481 4180 86.
500 4127 551 4181 Gn
566 4127 591 4182 3.
615 4126 854 4191 rabertaber'bti.
867 4131 910 4187 69.
927 4131 969 4188 33.
988 4162 1024 4174 —-
1040 4129 1181 4198 elaboret]
1200 4129 1315 4209 laboret
