2958 4584
267 294 418 368 ros
522 380 529 387 ,
620 292 914 369 ,οιιιιιιιοιιιε

269 462 427 548 obsequor
457 460 730 540 adolescentibus,
765 483 815 527 me
847 481 954 528 senem
984 480 1071 539 esse,
1094 460 1211 528 oblitus
1244 482 1312 530 sum

268 578 391 663 fecique
419 577 465 654 id,
492 577 575 663 quod
601 597 641 642 uc
669 579 856 644 adolescens
883 577 1007 662 quidem
1028 578 1184 656 feceram,
1209 590 1243 645 ut
1269 582 1310 646 iis

269 693 309 761 de
325 694 430 767 rebus,
452 712 532 779 quae
555 692 698 759 doctriua
720 693 828 779 aliqua
849 694 1088 769 continerentur,
1111 694 1309 780 disputarem.

269 807 336 875 Sed
356 808 416 875 hoo
436 818 540 874 tamen
562 810 676 875 cecidit
695 809 770 874 milri
784 818 1019 895 peropportune,
1041 810 1124 893 quod
1141 814 1311 878 transactis

268 927 332 990 lam
370 928 448 990 meis
483 925 623 1010 partibus
665 925 706 990 ad
740 923 909 990 Antonium
946 925 1131 990 audiendum
1168 930 1309 992 venistis.

268 1040 319 1105 16.
343 1039 423 1106 Tum
445 1038 761 1127 Caesar,·Equidem,
783 1020 891 1125 iuquit,
914 1038 1047 1117 Crasse,
1069 1044 1114 1105 ita
1135 1061 1202 1106 sum
1223 1044 1310 1128 cupi-

231 1192 235 1195 ·
268 1156 327 1221 dus
348 1158 382 1220 iu
403 1156 462 1221 illa
478 1156 622 1240 longiore
643 1166 674 1222 tc
697 1177 735 1222 ac
752 1166 902 1243 perpetua
923 1157 1131 1242 disputatione
1153 1157 1309 1235 audiendi,
1356 1144 1357 1153 ¹

267 1283 316 1350 ut,
348 1275 377 1338 si
402 1272 435 1337 id
461 1271 536 1337 milri
563 1276 663 1338 miuus
691 1275 866 1357 contingat,
896 1273 948 1339 vel
977 1271 1038 1339 hoo
1066 1275 1124 1338 sim
1151 1274 1310 1340 cotidiano

266 1400 320 1473 tuo
347 1408 489 1454 sermone
517 1398 688 1454 contentus.
740 1387 848 1475 ltaque
877 1391 1021 1475 experiar
1052 1389 1194 1476 equidem
1221 1366 1310 1466 illud,

267 1515 300 1570 ut
321 1525 361 1570 ue
376 1502 535 1591 Sulpicius
557 1505 724 1571 familiaris
745 1524 833 1570 meus
856 1515 909 1571 aut
930 1504 1224 1591 acceptissimam
1246 1526 1308 1590 ego

198 1674 201 1684 ,
268 1622 350 1709 apud
369 1631 401 1687 tc
421 1620 530 1689 valere
550 1622 715 1688 uideantur
735 1632 766 1687 et
786 1633 816 1687 te
839 1605 978 1701 exorabo
999 1622 1152 1707 proiecto,
1179 1633 1213 1687 ut
1233 1622 1310 1687 milri
1334 1703 1339 1721 ι

191 1818 199 1827 p
267 1758 389 1825 quoque
417 1748 448 1804 et
470 1736 581 1805 (latmo
608 1748 680 1804 tuae
703 1740 866 1804 suavitatis
889 1738 1008 1823 aliquid
1029 1738 1200 1824 impertias.
1251 1737 1310 1804 Sin

265 1856 331 1922 tibi
351 1856 384 1922 id
410 1857 512 1920 miuus
538 1854 664 1931 libebit,
693 1875 756 1921 nou
782 1865 812 1920 te
840 1855 958 1953 urgebo
984 1875 1084 1940 meque
1113 1856 1309 1932 committam,

266 1982 316 2048 ut,
349 1971 420 2036 dum
447 1990 579 2036 vereare
611 1979 645 2036 tu
674 1991 714 2036 ue
746 1973 792 2037 sis
823 1973 963 2058 iueptus,
994 1992 1042 2036 me
1076 1991 1149 2037 esse
1178 1972 1308 2036 iudices.

198 2068 205 2077 ¹
266 2088 318 2155 17.
341 2086 422 2153 Tum
442 2085 512 2165 ille,
534 2085 603 2177 Ego
624 2107 673 2157 me
694 2085 838 2166 Hercule,
860 2090 972 2174 iuquit,
995 2085 1126 2165 Caesar,
1149 2109 1188 2154 ex
1210 2091 1309 2155 omui-

162 2356 166 2367 *
266 2334 327 2373 com
350 2318 433 2389 vulgo
457 2328 531 2373 esset
554 2335 620 2373 eum
642 2319 766 2383 oblitus,
789 2320 936 2373 secundom
959 2318 1009 2390 bg.
1031 2317 1184 2389 praeterii.
1205 2317 1308 2372 1781.

265 2420 319 2458 om.
338 2419 404 2456 sam
420 2402 495 2457 6.·-
512 2403 563 2473 id]
581 2403 637 2457 doc
653 2404 705 2458 Gu.
719 2407 741 2458 1.
755 2403 779 2458 1.
798 2434 834 2444 -
851 2404 902 2473 iis]
921 2402 967 2456 leis
987 2403 1038 2474 ug.
1049 2403 1092 2457 67.
1106 2402 1149 2457 oo.
1169 2402 1221 2457 Go.
1234 2403 1311 2456 1.-

266 2488 376 2541 eeeldtt
391 2484 484 2555 milti]
502 2487 558 2543 lou.
576 2486 627 2558 Lg.
644 2488 670 2541 6.
688 2488 731 2540 14.
749 2488 820 2544 Vict.
857 2488 951 2541 Verba
968 2487 1002 2541 ab
1021 2488 1076 2541 sed
1095 2486 1151 2540 doc
1169 2485 1308 2555 usquead

263 2570 402 2645 periimus
420 2588 473 2625 um.
493 2570 533 2625 17.
831 2566 835 2583 “

351 2656 393 2710 16.
429 2653 543 2725 tnqett]
569 2671 622 2708 om.
647 2653 697 2725 Lg.
721 2664 833 2725 praeter
857 2654 881 2710 3.
909 2655 933 2710 5,
957 2657 997 2722 6.,
1026 2658 1091 2710 item
1114 2655 1185 2708 Vict.
1211 2653 1263 2707 Gn.
1284 2655 1306 2707 l.

264 2740 382 2812 fortasse
398 2739 508 2792 rectius.
526 2765 561 2779 -
592 2742 624 2792 tn
640 2737 693 2792 tila
710 2738 843 2810 louptore
861 2739 903 2810 te]
926 2739 979 2794 lios
1003 2739 1103 2793 ordine·
1119 2737 1176 2790 iuri.
1197 2737 1218 2789 1.
1247 2735 1308 2788 Erl.

265 2822 316 2891 lig,
341 2838 436 2874 omnes
458 2830 569 2891 praeter
588 2822 627 2875 15.
647 2821 826 2889 171613,
851 2823 925 2891 quod
947 2821 1140 2892 praeeuntibus
1161 2819 1307 2885 hamblen,
1415 2848 1419 2855 ·

265 2902 410 2977 Madvlglo
432 2913 461 2957 et
481 2903 680 2958 Henrlchseulo
704 2907 816 2977 vulgato
840 2906 957 2977 praetuli
981 2913 1009 2958 te
1033 2909 1065 2957 tn
1089 2905 1142 2958 tila
1167 2903 1306 2977 decuplare.

265 2987 336 3040 Vict.
364 2986 416 3055 Gur.
435 2988 458 3041 l.
475 2988 500 3043 1.
529 2986 617 3042 Havu.
639 2989 704 3044 1.1.
731 3007 782 3044 οιιι.
803 2997 839 3044 ie.
875 2990 946 3045 Post
963 2992 1097 3042 oratioue,
1114 2989 1192 3058 pouit
1210 2986 1307 3055 hamb.
1330 2999 1334 3007 ¹

264 3071 292 3124 lu
307 3088 359 3140 mg.
371 3072 414 3124 ed.
429 3071 572 3141 repetitae.
585 3100 621 3111 —
637 3071 725 3143 mett]
744 3091 796 3127 om.
814 3073 865 3144 Lg.
878 3073 921 3127 36.
940 3072 1046 3138 Lama,
1062 3072 1179 3125 fortasse
1196 3071 1306 3133 mellus3

264 3164 329 3226 post
345 3158 443 3208 minus
462 3155 539 3225 pouit
556 3156 627 3209 vice.
642 3187 673 3196 -
693 3156 858 3226 condictae]
877 3158 975 3227 scripsi
993 3174 1028 3209 ex
1045 3155 1093 3227 Lg.
1107 3156 1147 3209 17.
1157 3156 1199 3209 67.
1210 3154 1253 3208 61.
1263 3154 1305 3207 64.

266 3239 392 3309 quotttd.
413 3239 455 3293 76.
472 3267 508 3281 ·-
527 3237 591 3309 tuo]
610 3257 663 3294 om.
682 3239 732 3310 Lg.
751 3242 777 3294 3.
794 3241 819 3292 5.
840 3240 879 3294 14.
899 3242 939 3294 16.
961 3237 1241 3295 1616111336.
1261 3237 1307 3308 or,

265 3323 307 3376 63.
327 3323 368 3379 76.
383 3322 424 3377 73.
442 3323 484 3377 76.
501 3323 544 3377 84.
561 3323 604 3378 66.
624 3323 666 3379 63.
686 3324 756 3377 Vict.
774 3351 810 3364 —-
830 3327 969 3395 experior
985 3321 1133 3393 equidem]
1153 3323 1308 3393 experiare

267 3407 388 3476 quidem
411 3407 461 3481 ug.
487 3406 511 3465 3.
537 3407 561 3461 6.
585 3406 1037 3464 6.14.16.17.16.11.13.14.
1060 3405 1094 3459 35
1111 3422 1182 3461 corr.
1203 3404 1245 3458 36.
1263 3403 1307 3458 66.
1361 3446 1365 3450 -
1474 3450 1475 3459 .

163 3498 165 3505 “
263 3491 365 3545 6161.
385 3489 427 3543 76.
445 3484 486 3545 sl,
504 3491 547 3545 93.
564 3519 601 3536 ·-·
622 3490 709 3560 tiled]
727 3491 810 3544 istud
827 3489 878 3561 Lg.
891 3492 935 3544 65.
952 3507 1006 3544 οιιι.
1022 3490 1064 3543 36.
1081 3517 1117 3529 -
1137 3487 1307 3556 videantur]

264 3574 312 3628 Sic
329 3574 453 3643 plerique
470 3572 549 3628 eoOd.
565 3584 593 3628 et
609 3573 670 3628 edd.
689 3575 752 3627 lude
770 3574 805 3627 ab
819 3574 958 3643 antiquiss.
988 3572 1131 3626 Vldeeiur
1148 3570 1226 3625 Cant.
1245 3589 1266 3625 ε.
1280 3591 1306 3623 e.

265 3641 307 3727 pr.
320 3675 355 3710 ru.
374 3656 425 3727 Lg.
439 3654 469 3713 3.
485 3659 524 3712 15.
539 3659 582 3712 35.
593 3658 636 3712 67.
652 3659 693 3713 76.
729 3658 806 3722 „Sed
823 3658 889 3712 vido
905 3657 1035 3726 Heuslug.
1056 3655 1092 3708 ad
1106 3653 1160 3710 06.
1175 3653 1196 3711 l.
1211 3655 1309 3720 41,16.

263 3740 375 3792 Schael.
393 3741 429 3793 ad
445 3740 517 3794 Plln.
536 3740 640 3812 Pansg.
655 3741 698 3806 76,
713 3741 738 3794 1.
756 3750 785 3794 et
802 3740 903 3796 Marti.
921 3741 957 3793 ad
974 3739 1041 3793 Eur.
1057 3738 1124 3793 Hac.
1137 3737 1200 3793 64.“
1228 3737 1308 3791 Hen—

264 3820 389 3874 rdeltsesa
405 3849 441 3863 —-
467 3827 627 3877 suaottatds
646 3823 775 3893 attqetd]
793 3825 847 3878 lov.
868 3824 918 3896 lig.
938 3825 982 3878 16.
998 3852 1034 3867 --
1059 3820 1231 3894 impertias]
1252 3824 1308 3874 on-

221 3952 228 3959 .
259 3906 381 3974 partim
398 3902 448 3973 ug.
460 3904 485 3957 6.
504 3904 538 3956 14
549 3922 620 3961 corr.
638 3906 680 3961 84.
708 3911 858 3978 impartias
873 3907 917 3962 61.
930 3917 960 3961 ut
972 3908 1008 3973 6.,
1025 3908 1064 3960 ita
1080 3921 1151 3958 corr,
1170 3902 1222 3956 Ge.
1236 3902 1260 3958 1.
1273 3931 1309 3943 —

265 3983 384 4053 libebit]
409 3984 507 4038 licebit
529 3986 580 4056 lag.
597 3990 629 4051 2³.
651 3992 677 4044 6.
698 3991 738 4045 16.
757 3991 799 4049 35.
822 3992 864 4045 36.
883 3991 926 4044 65.
949 4021 985 4036 η
1015 3985 1215 4059 pommtltum]
1239 4002 1310 4039 oeta·

265 4069 386 4124 mittum
403 4084 425 4121 s.
443 4072 622 4128 eoomletam
640 4071 692 4141 11ss·
710 4074 749 4131 14.
767 4072 809 4132 oe.
828 4054 872 4126 61.
889 4102 925 4113 -
943 4083 977 4130 tu
993 4091 1031 4128 ne
1049 4068 1105 4139 ste]
1125 4069 1166 4123 sie
1182 4068 1310 4141 plerique
