2968 4596
402 254 461 348 ns
488 279 718 350 osnnoan
745 278 870 351 omns
890 280 913 349 1.
936 282 987 349 ns.
1159 285 1217 357 41

169 454 204 521 si
225 452 347 530 volent,
372 448 551 537 Lycurgum
577 462 630 517 out
657 450 807 518 Solonem
833 453 1030 538 (quenquam
1053 450 1128 518 illos
1150 453 1218 538 qul·

172 572 249 636 dem
270 590 430 637 censemus
450 572 484 634 in
504 589 633 635 numero
654 568 863 655 eloquentium
881 567 1093 656 reponendos)
1116 573 1219 636 scisse

171 688 300 766 melius,
322 706 415 773 qnam
434 685 623 773 Hyperidem
645 696 697 751 ont
716 683 956 751 Demosthenem
977 686 1134 773 perfectos
1153 688 1217 753 ianr

170 796 316 871 homines
337 807 370 870 in
391 804 525 870 dicendo
547 815 577 870 et
597 803 787 891 perpolitos:
819 802 871 868 vel
892 804 990 868 nostri
1012 803 1217 883 decemviros,

173 924 229 1009 qni
253 919 316 1011 XII
340 920 467 987 tabulas
492 923 752 1008 perscripserunt,
781 938 860 1005 quos
885 938 1017 986 necesse
1045 931 1094 986 est
1117 921 1217 987 inisse

146 1111 147 1114 Ἴ
171 1027 347 1126 prudentis,
371 1044 559 1126 anteponant
579 1037 639 1104 hoc
659 1057 776 1122 genere
792 1046 824 1102 et
838 1033 909 1102 Ser.
921 1035 1044 1103 Galbae
1060 1049 1090 1104 et
1105 1059 1217 1105 socero

171 1164 227 1222 tuo
255 1154 289 1220 G.
310 1154 442 1234 Laelio·
468 1175 547 1242 qnos
573 1164 694 1221 constat
721 1154 846 1220 dicendi
871 1154 978 1238 gloria
1002 1158 1216 1242 praestitisse:

169 1272 227 1338 69.
248 1294 306 1341 nec
329 1277 413 1340 enim
429 1272 648 1357 negaboesse
669 1271 822 1358 quasdam
842 1274 919 1339 artis
937 1273 1081 1359 proprios
1101 1292 1218 1354 eorum,

173 1393 232 1478 qui
261 1393 294 1456 in
317 1390 367 1457 his
395 1389 626 1476 cognoscendis
654 1399 745 1473 atque
770 1389 943 1490 tractandis
969 1389 1102 1455 studium
1129 1406 1219 1457 sunm

119 1490 121 1492 ’
174 1528 268 1575 onnne
293 1517 480 1598 posuerunt:
515 1506 573 1572 sed
599 1474 1023 1591 oratoremffieindin‘etqne
1049 1507 1218 1594 perlectum

173 1645 252 1690 esse
273 1645 357 1703 eum,
385 1627 437 1710 qui
457 1625 497 1691 de
518 1622 664 1692 omnihus
685 1621 779 1690 rebus
800 1623 901 1709 possit
922 1624 1049 1709 copiose
1069 1627 1218 1711 varieque

177 1742 297 1807 dicere.
339 1776 341 1780 Δ

176 1997 328 2067 poenitum
349 1995 400 2068 Lg.
418 1998 444 2052 4.
474 1995 661 2068 eloquentum
678 1995 720 2050 32.
739 2022 774 2037 -
808 1999 838 2046 et
848 1992 1028 2068 perpolitae]
1044 2001 1074 2050 et
1093 2012 1145 2053 orn.
1166 1997 1216 2072 Lg.

174 2080 218 2135 69.
235 2110 271 2122 -
303 2083 416 2150 nostri]
443 2081 522 2136 codd.
541 2098 636 2134 omnes
654 2086 781 2133 nostros.
809 2078 876 2131 illud
893 2077 971 2133 Man.
991 2079 1085 2136 Lomb.
1103 2093 1216 2140 recenti.

173 2175 238 2236 post
259 2164 323 2220 Sclr.
344 2195 380 2207 —-
418 2166 610 2232 decemviros]
636 2165 743 2218 divisim
768 2172 815 2219 aut
838 2163 872 2217 X
887 2168 966 2218 viros
987 2164 1052 2219 Xlll
1075 2165 1125 2239 Lg.
1152 2185 1217 2238 qno·

173 2265 234 2303 rum
252 2250 295 2304 65.
310 2250 354 2305 67.
369 2249 412 2302 76.
427 2250 469 2303 76.
485 2277 521 2289 -
548 2248 805 2322 perscripserunt]
824 2253 1007 2320 seripserunt
1026 2250 1077 2305 Gn.
1095 2254 1121 2306 1.
1139 2253 1165 2307 2.
1182 2282 1218 2296 —-

170 2335 342 2404 prudentis]
371 2334 411 2386 sic
433 2331 485 2402 Lg.
509 2333 551 2387 13.
575 2335 618 2387 14.
644 2333 686 2386 16.
711 2333 752 2386 17.
776 2331 818 2387 21.
843 2333 885 2388 24.
909 2333 951 2388 35.
977 2332 1019 2389 65.
1045 2333 1086 2389 70.
1109 2337 1151 2391 io.
1174 2337 1216 2392 84.

174 2417 221 2470 86.
239 2417 284 2470 93.
315 2415 501 2492 provideretis
519 2415 562 2469 36.
578 2446 614 2456 -
648 2416 702 2470 lcoo
720 2419 837 2488 penore]
863 2422 895 2471 tn
912 2419 997 2488 vulgo
1017 2420 1136 2473 additum
1154 2439 1219 2490 pon-

179 2490 288 2564 ciores,
312 2498 363 2550 sed
383 2498 511 2551 meliores
532 2498 594 2551 libri
613 2518 680 2567 om„
703 2500 755 2572 Lg.
772 2502 797 2555 2.
816 2501 841 2554 3.
861 2502 886 2554 4.
905 2501 947 2555 13.
966 2500 1008 2553 39.
1026 2501 1068 2554 36.
1086 2503 1146 2568 67.,
1170 2504 1220 2556 ito·

178 2599 235 2652 qne
256 2581 298 2636 69.
320 2580 361 2635 76.
386 2598 403 2633 6
421 2598 477 2634 sec.
494 2599 528 2636 m.
546 2600 573 2636 v.
593 2585 728 2655 explicati.
753 2586 789 2638 od
807 2582 827 2636 l.
847 2582 992 2649 o‚1n.-
1024 2581 1102 2652 Sem]
1123 2590 1220 2657 serpo

174 2667 229 2738 Lg.
249 2666 292 2721 32.
309 2665 352 2722 69.
371 2664 413 2722 76.
434 2665 502 2723 Vict.
534 2685 629 2722 somno
653 2670 705 2725 Gn.
718 2671 743 2726 1.
764 2699 799 2713 -
828 2667 938 2739 picria]
959 2666 1089 2738 pieriam
1109 2668 1160 2741 Lg.
1177 2670 1219 2728 69.

176 2752 230 2807 Gn.
248 2751 273 2806 3.

245 2885 288 2942 59.
323 2901 376 2939 nec
393 2885 483 2952 enim]
501 2886 599 2956 scripsi
611 2887 759 2940 secundnm
776 2886 826 2959 ng.
837 2888 862 2943 2.
874 2886 917 2943 69.
939 2887 990 2942 Gn.
1002 2887 1027 2943 3.
1041 2895 1169 2947 convenit
1183 2896 1219 2963 4.,

174 2976 203 3026 16
224 2988 278 3040 qno
296 2973 493 3041 nequeenim.
518 2987 610 3039 qnam
624 2972 666 3026 13.
685 2988 769 3024 nemo
788 2973 829 3028 17.
853 2989 912 3025 666
928 2973 970 3026 66.
996 2991 1049 3028 nec
1066 2980 1144 3031 enim
1161 2996 1220 3034 666

177 3057 213 3111 U.
234 3057 264 3109 Z.
288 3055 358 3109 Rell.
378 3064 405 3108 et
422 3054 495 3124 vulg.
515 3071 676 3124 nunqnam.
694 3046 730 3095 έ-
764 3058 852 3124 ortis]
870 3058 908 3109 slc
927 3055 975 3128 Lg.
995 3058 1036 3114 23.
1055 3060 1097 3116 86.
1119 3069 1220 3135 partis

174 3141 219 3195 13.
233 3139 275 3194 36.
296 3145 401 3212 partes
423 3137 475 3192 Gn.
488 3139 513 3193 3.
533 3138 584 3208 Lg.
600 3139 625 3193 2.
638 3140 664 3195 3.
678 3142 702 3194 4.
714 3140 756 3195 39.
769 3142 803 3194 35
815 3159 885 3196 corr.
904 3141 945 3195 67.
959 3142 993 3196 69
1010 3161 1080 3200 corr.
1100 3147 1133 3202 76
1148 3165 1218 3204 corr.

175 3232 258 3280 artes
281 3225 430 3293 quosdam
452 3226 564 3278 inverso
586 3224 684 3278 ordine
706 3225 757 3280 Gn.
776 3227 801 3282 1.
817 3225 842 3279 2.
860 3254 895 3266 —-
929 3229 1025 3295 omne]
1046 3246 1146 3283 omnes
1168 3231 1218 3303 Lg.

174 3313 220 3365 14.
239 3310 282 3364 65.
298 3308 340 3363 84.
362 3310 428 3363 item
446 3327 463 3362 a
478 3326 519 3378 pr.
532 3327 565 3363 rn.
585 3309 610 3362 5.
624 3308 665 3362 94.
690 3308 871 3364 1161366636.
898 3310 962 3367 6676
978 3311 1003 3365 6.
1029 3329 1114 3367 omne
1133 3333 1220 3370 soom

169 3412 239 3468 pos.
257 3395 350 3448 iocata
361 3393 499 3464 elegantia
514 3391 610 3447 Lamb.
621 3423 658 3434 -
673 3396 846 3467 posuerunt]
866 3396 1062 3468 deposuerunt
1078 3396 1127 3468 Lg.
1141 3418 1220 3470 proe-

176 3489 220 3533 ter
242 3481 267 3531 4.
292 3477 335 3531 17.
358 3478 400 3531 81.
425 3476 469 3530 85.
493 3475 535 3531 86.
560 3476 619 3544 93,
643 3479 707 3531 item
731 3479 782 3534 Gn.
801 3479 826 3534 3.
845 3480 881 3534 U.
919 3480 975 3533 Sed
998 3481 1026 3533 in
1044 3480 1093 3551 Lg.
1113 3484 1154 3540 93.
1178 3494 1220 3540 est

177 3564 400 3635 disposuerunt,
420 3563 448 3614 in
466 3561 509 3615 24.
530 3579 547 3614 a
565 3579 618 3616 sec.
637 3578 672 3617 nn.
690 3571 890 3635 reposuerunt.
908 3592 944 3604 —
969 3582 1032 3617 esse
1050 3583 1131 3632 eune,
1152 3573 1219 3638 poi]

174 3648 216 3701 sic
232 3648 333 3700 omisso
351 3647 452 3699 dicam
469 3646 533 3699 dedi
556 3662 592 3698 ex
611 3644 661 3717 Lg.
682 3648 807 3701 omnibns
825 3658 937 3718 praeter
953 3650 976 3704 3.
998 3650 1057 3715 67.,
1083 3651 1147 3723 item
1166 3652 1217 3708 Gn.

176 3732 204 3785 1.
227 3730 252 3785 2.
287 3730 440 3783 66466661
466 3729 510 3798 (p.
538 3729 655 3797 dicam)
693 3731 746 3786 Gn.
769 3733 794 3786 3.
830 3732 974 3786 manifesto
998 3734 1218 3803 interpolatione.

177 3815 375 3868 desumendum
400 3812 516 3868 verbnm
539 3812 694 3868 affirmandi
717 3833 753 3868 ex
766 3833 938 3886 *praegresso
962 3816 1090 3886 669666,
1124 3836 1150 3873 v.
1174 3837 1220 3872 ex·

174 3899 404 3969 6116666666-
440 3901 557 3968 copiose
574 3901 723 3968 varieque]
747 3901 787 3952 sic
811 3899 862 3953 Gn.
881 3900 906 3951 3.
937 3899 988 3969 Lg.
1006 3917 1100 3953 omnes
1121 3919 1162 3970 pr.
1180 3904 1220 3969 2,

177 3992 206 4035 et
222 3982 319 4035 melios
337 3990 395 4048 est,
419 3982 574 4053 comptius
594 3983 844 4049 adinventionem,
869 3982 922 4037 lroc
942 3983 977 4036 ad
996 3984 1160 4051 disponendi
1178 4003 1220 4038 or·

178 4074 233 4120 tem
251 4065 396 4139 pertineat.
424 4089 428 4119 ;
454 4116 457 4120 ,
503 4114 507 4119 .
550 4131 552 4134 ⁴
891 4088 894 4091 *
1169 4089 1170 4093 ¹
