2968 4596
402 356 460 424 DE
488 356 716 427 0111101111
743 359 867 427 LtuEtt
889 360 912 427 1.
936 363 964 429 7.
1153 367 1208 437 10

148 540 261 596 antem
282 529 347 605 die,
371 548 465 614 quom
487 527 535 594 illi
556 531 692 596 maiores
710 541 783 597 natu
801 532 880 597 satis
897 532 1128 617 quiessem-iu
1143 548 1208 597 am-

154 648 353 714 bulationem
374 657 498 712 uentum
520 667 592 713 osse
616 646 757 714 dicebat:
789 658 851 713 tum
874 646 1064 715 Scaevolam
1086 647 1208 716 duobus

149 768 270 855 spatiis
292 764 433 831 tribusve
455 763 549 831 sactis
571 765 707 831 dixisse:
732 762 795 831 Cur
810 785 874 832 non
888 767 1055 843 imitamur,
1079 764 1207 847 Crasse,

123 925 126 931 ,
153 882 325 951 Socratem
354 882 457 959 illum,
485 885 538 969 qui
560 894 608 950 est
629 885 663 948 in
683 882 827 959 Phaedro
849 881 1013 950 Platonici
1056 882 1137 951 Nam
1159 905 1208 981 mo

153 1003 239 1068 baec
261 1012 318 1066 tua
338 1000 485 1087 platanus
509 1001 679 1079 admonuit,
702 1021 783 1088 quae
805 1022 869 1068 non
890 1002 992 1067 minus
1015 1001 1055 1067 ad
1071 984 1208 1090 opacan-

110 1129 112 1132 ‘
156 1120 232 1186 dum
265 1118 346 1185 hunc
377 1118 481 1184 locum
513 1119 628 1205 patulis
659 1128 707 1185 est
735 1118 850 1185 diffusa
876 1120 988 1196 ramis,
1021 1136 1113 1205 quam
1140 1119 1207 1199 itta,

155 1239 250 1304 cuius
281 1235 422 1301 umbram
452 1246 576 1302 secutus
605 1247 653 1302 est
680 1234 845 1314 Socrates,
879 1255 960 1323 quae
987 1235 1064 1303 milri
1088 1236 1209 1305 ridetur

152 1375 223 1421 non
254 1365 317 1420 tam
349 1356 421 1440 ipsa
454 1353 562 1431 acula,
597 1374 677 1441 quae
712 1353 911 1432 describitur,
945 1374 1038 1441 mam
1067 1353 1209 1423 Platonis

158 1475 303 1539 oratione
331 1474 489 1539 crevisse:
517 1482 546 1537 et
573 1472 656 1558 quod
682 1472 738 1538 ille
766 1473 942 1539 durissimis
968 1472 1100 1560 pedibus
1124 1473 1207 1551 iecit,

154 1601 191 1656 ut
217 1610 252 1655 se
280 1589 417 1656 abiceret
443 1592 476 1655 in
502 1589 603 1656 herba
630 1599 722 1676 atque
749 1589 891 1667 imilla,
919 1610 999 1677 quoa
1027 1589 1207 1679 philosophi

157 1709 309 1773 diuinitus
335 1707 434 1774 ierunt
459 1728 532 1774 esse
562 1707 663 1784 dicta,
689 1707 883 1793 loqueretur,
910 1707 944 1773 id
969 1709 1048 1774 meis
1073 1707 1206 1795 pedibus

158 1977 241 2029 quant
262 1960 285 2013 is
308 1958 461 2030 dicabant]
490 1959 553 2013 edd.
575 1957 635 2012 Ata.
657 1956 724 2011 iuot.
746 1956 834 2022 Crot.;
859 1957 964 2012 accedit
987 1956 1038 2015 Ga.
1056 1958 1082 2015 3.
1119 1958 1206 2015 Etiam

156 2047 186 2098 in
205 2046 292 2100 [davo.
313 2044 336 2099 1.
355 2045 381 2100 3,
404 2053 432 2097 et
450 2045 501 2115 bg.
519 2044 544 2098 5.
566 2043 606 2098 lt.
629 2043 668 2098 17.
690 2042 733 2097 39,
754 2041 795 2095 21.
814 2041 856 2097 35.
875 2042 917 2099 66.
938 2044 978 2098 to.
992 2043 1034 2100 61.
1052 2043 1095 2101 st.
1112 2045 1155 2102 87.
1177 2053 1207 2100 ei

158 2131 295 2186 omittitur.
331 2130 382 2183 Est
401 2129 445 2181 hic
463 2130 540 2183 iocus
558 2130 589 2188 in
608 2128 663 2194 eis,
689 2144 757 2196 quos
777 2127 943 2196 antiquiores
961 2129 1040 2184 codd.
1062 2138 1207 2201 comuptoo

157 2215 294 2269 exhibent.
319 2215 392 2270 Nam
410 2214 439 2267 in
456 2215 567 2284 vulgatu
583 2213 730 2283 scriptura,
752 2230 832 2282 quiam
848 2211 956 2266 firmant
972 2212 1013 2267 titt
1031 2216 1074 2284 (et
1091 2218 1124 2268 in
1141 2232 1205 2269 am·

158 2300 338 2355 bulationem
362 2305 480 2352 uantum
505 2305 597 2361 esset,
626 2296 743 2352 dicebat
769 2297 849 2368 tum]
884 2315 973 2367 neque
1000 2298 1118 2353 dicabat
1141 2299 1206 2352 ferri

156 2394 251 2457 potest
268 2401 359 2452 neque
376 2385 453 2435 locus
470 2382 620 2452 particulae
641 2389 711 2437 tum.
746 2381 874 2437 Dicebat
897 2384 1000 2438 delevit
1025 2383 1119 2438 bamb.
1139 2383 1203 2438 Scir.

156 2469 277 2534 Mucii,
301 2468 378 2519 uncis
393 2465 454 2519 incl.
472 2464 558 2521 Oceli.
575 2495 610 2506 -
644 2465 795 2539 Phaedro]
818 2467 969 2541 phedrona
986 2469 1056 2522 vict.
1076 2470 1105 2538 (a
1122 2486 1148 2538 p.
1169 2485 1206 2521 ac

160 2553 294 2623 scripturn
311 2557 408 2621 postea
424 2567 479 2603 non
497 2549 640 2617 enotabo);
658 2553 768 2607 invertit
785 2552 854 2605 boec
872 2552 956 2607 (16.3.
976 2579 1012 2592 ·-
1035 2550 1206 2621 admonuit]

158 2638 299 2692 admouit
317 2634 365 2706 bg.
387 2634 427 2690 16.
445 2634 487 2690 65.
509 2634 548 2691 ita
564 2651 590 2689 v.
608 2635 631 2691 2.
653 2640 820 2691 ammonuit
836 2635 878 2691 81.
916 2635 975 2689 Gur·
987 2633 1079 2689 Bakio
1098 2635 1206 2705 placeat

158 2723 303 2777 admonet
331 2738 414 2774 causa
440 2721 551 2792 cogitari
577 2738 632 2775 non
655 2730 755 2793 potest.
773 2751 810 2762 -
844 2720 941 2791 cuius]
966 2722 1071 2791 quoius
1093 2718 1143 2792 bg.
1162 2719 1204 2776 32

158 2807 234 2878 quod
255 2808 294 2860 eis
314 2807 382 2860 iocis
400 2806 598 2877 recipiendum,
620 2806 717 2877 quibus
736 2807 797 2877 plus
815 2804 978 2860 firmamenti
995 2804 1116 2872 accedit3
1143 2822 1204 2878 per·

157 2902 268 2963 potuum
287 2892 357 2944 enirn
375 2909 430 2944 non
448 2892 532 2962 magis
551 2900 606 2958 est,
632 2896 713 2960 quarn
730 2909 826 2962 quant.
844 2921 879 2932 -
915 2889 1045 2962 secutus]
1066 2898 1204 2962 sequutus

156 2977 207 3049 bg.
225 2977 268 3032 65.
305 2977 374 3030 Hine
393 2978 420 3029 in
439 2977 490 3032 Gn.
511 2977 533 3032 1.
555 2976 653 3030 lacuna
670 2977 764 3048 incipit
783 2978 820 3030 ad
838 2993 923 3046 usque
941 2976 1026 3030 verba
1044 2977 1116 3047 quid
1133 2977 1203 3032 reli·

156 3065 259 3134 aiones
276 3079 300 3116 c.
315 3062 356 3128 lo,
364 3062 405 3117 39.
427 3070 489 3132 post
506 3078 577 3131 quoe
595 3061 681 3115 verba
698 3050 846 3131 sequuntur
864 3081 886 3118 c.
901 3062 928 3129 8,
941 3062 975 3116 31
992 3079 1083 3131 quam
1094 3060 1129 3117 ob
1139 3079 1203 3121 rem

156 3164 245 3216 usque
266 3147 302 3200 nd
323 3146 421 3212 finem,
445 3146 508 3200 dein
529 3164 552 3201 c.
575 3145 617 3212 lo,
634 3145 668 3200 39
691 3147 747 3204 init.
774 3164 860 3217 usque
885 3147 920 3200 ad
943 3147 1017 3217 prius
1038 3155 1204 3213 memorata,

156 3240 212 3285 tum
231 3250 254 3287 c.
274 3232 314 3287 11.
332 3262 367 3272 -
403 3231 504 3303 acula]
522 3231 617 3300 scripsi
634 3249 670 3285 ex
688 3231 739 3302 bg.
759 3231 937 3287 13336011.
957 3229 999 3286 36.
1020 3260 1056 3271 -
1091 3230 1132 3300 et]
1151 3231 1205 3287 ced

157 3316 209 3372 Gu.
229 3316 255 3371 2.
278 3325 308 3370 ut
332 3317 427 3387 Steph.
454 3316 523 3370 lunt.
542 3344 579 3355 -
611 3316 658 3387 aa]
687 3333 707 3370 a
726 3334 758 3370 ae
784 3316 889 3371 5corr.
913 3316 1078 3383 6,13corr.
1107 3315 1148 3371 16.
1169 3315 1199 3369 tt

156 3419 227 3457 corr.
247 3401 282 3455 31
300 3419 370 3457 corr.
396 3401 430 3456 35
449 3418 518 3456 corr.
537 3399 581 3454 65.
600 3401 641 3456 70.
661 3401 702 3456 73.
722 3401 763 3456 76.
788 3401 839 3455 Gn.
859 3400 883 3455 3.
907 3400 945 3455 ita
963 3417 1031 3456 corr.
1054 3399 1104 3472 Ing.
1125 3400 1149 3456 2.
1167 3431 1203 3443 -

156 3485 301 3556 adiceret]
321 3488 361 3542 sic
379 3487 477 3540 tcorr.
499 3485 582 3540 aas.
603 3486 755 3555 eodemque
773 3486 846 3540 ducit
863 3485 990 3547 obiceret
1007 3485 1034 3538 in
1050 3485 1145 3541 1311.
1161 3486 1201 3559 15,

157 3570 198 3625 16.
217 3571 258 3626 99.
278 3572 319 3628 ut.
338 3570 379 3626 32⁴.
398 3570 441 3626 36.
458 3570 501 3625 65.
520 3571 555 3625 69
573 3589 641 3628 corr.
657 3572 697 3625 to.
711 3571 751 3627 73.
768 3571 808 3624 76,
827 3569 870 3626 81.
884 3570 926 3625 81.
946 3587 973 3625 ν.
992 3570 1027 3624 ad
1046 3570 1065 3625 1.
1085 3569 1199 3637 42189.

155 3655 317 3711 abduceret
337 3657 376 3710 17.
395 3684 430 3697 —-
466 3654 570 3726 barba]
588 3656 642 3710 boc
659 3663 722 3727 post
742 3655 806 3711 Sch.
826 3665 966 3726 receptum
984 3665 1094 3725 praeter
1112 3655 1200 3709 Havn.

155 3740 181 3794 3.
208 3741 264 3796 tta.
286 3741 309 3796 l.
339 3741 391 3796 Gu.
410 3742 434 3797 2.
454 3741 479 3797 3.
507 3741 567 3796 Eri.
593 3738 654 3797 edd.
680 3741 818 3810 antiquiss.
844 3741 903 3795 Ald.
931 3740 1001 3796 lunt.
1026 3741 1098 3794 Crat.
1123 3736 1201 3794 Mein.

155 3823 265 3879 firmant
289 3826 370 3880 etiam
393 3826 443 3898 bg.
462 3825 562 3881 xviri.
585 3824 705 3895 bonique
730 3833 841 3895 praeter
865 3827 882 3877 d
906 3842 1014 3889 omnem
1044 3826 1073 3894 (a
1093 3841 1126 3878 rn.
1147 3842 1200 3879 aec.

155 3909 255 3979 1133.)
290 3909 412 3965 herbam
437 3911 487 3982 lig.
512 3911 537 3965 3.
562 3912 586 3966 4.
612 3910 653 3965 31.
678 3910 719 3965 33.
744 3909 787 3966 67.
811 3909 853 3963 69.
872 3909 913 3963 to.
935 3909 977 3963 85.
1000 3910 1041 3965 93.
1067 3908 1155 3962 ssavo.
1177 3910 1200 3961 1.

75 4021 79 4031 ¹
156 3991 230 4049 (ixx.
251 4012 359 4063 ornnes,
379 3996 474 4050 hamb.
493 3996 570 4053 Grut,
588 3995 652 4051 Ero.
673 4025 708 4038 μ
743 3993 811 4064 atto]
831 4011 883 4049 orn.
903 3994 952 4064 bg.
971 3992 1077 4058 XViii,
1099 3992 1126 4045 iu
1146 3993 1202 4063 qul·

155 4078 205 4132 bus
229 4088 292 4133 sunt
320 4081 385 4134 boni
409 4098 519 4146 omnes,
548 4087 661 4151 propter
685 4078 855 4150 praecedens
881 4083 933 4131 t’ta.
971 4078 1025 4135 tito
1049 4091 1125 4144 quac
1147 4092 1199 4126 om.

157 4162 209 4216 Gu.
232 4164 256 4219 3.

957 4257 1008 4334 2*

992 4526 1280 4564 A
