2980 4602
168 310 173 317 ·
267 268 361 375 ια’
461 401 462 404 ¹
672 299 927 368 nicanorus
1081 380 1084 395 ,

264 476 488 560 ‘quaereretun
519 466 602 534 alios
633 467 667 532 in
698 466 992 546 deliberationibus,
1025 487 1106 553 qnae
1134 489 1243 538 omnes
1270 473 1312 537 ad

267 584 431 653 utilitatem
453 584 660 668 dirigerentur
680 604 802 663 eornm,
826 586 938 669 quibus
961 586 1127 652 consilinm
1149 588 1311 666 daremns3
1355 602 1357 607 ’

268 700 351 769 alios
382 703 456 769 item
485 702 518 764 in
548 699 796 781 laudationibus,
828 702 862 766 in
893 701 1005 785 quibus
1039 703 1079 767 ad
1105 721 1311 789 personarum

241 802 450 901 'dignitatern
471 818 576 882 omnia
596 816 795 882 referrentur.
839 817 912 883 142.
941 816 1079 901 Cumque
1102 830 1188 885 esset
1209 822 1310 886 omnis

244 935 403 999 oratoris
424 934 474 998 vis
503 951 541 998 ac
563 932 734 998 facultas'
725 953 759 997 nn
781 935 915 1016 quinque
937 945 1042 1020 partes
1069 934 1251 1013 distributa,
1278 945 1312 1000 ut

20 1022 121 1183 eft)
99 1030 200 1119 4444
187 1026 489 1121 lambentes
415 1049 553 1134 mocrite
574 1049 703 1134 primum
727 1048 800 1130 quid
822 1048 953 1126 diceret3
977 1050 1089 1115 deinde
1106 1053 1233 1116 inuenta
1248 1071 1311 1116 non

268 1166 370 1233 solum
391 1165 516 1241 ordine,
542 1164 617 1229 sed
626 1166 724 1262 etiam
741 1173 895 1230 momento
923 1167 1057 1248 quodam
1079 1177 1186 1250 atque
1183 1168 1309 1233 indicio

268 1284 452 1369 dispensare
475 1291 567 1364 atque
590 1299 790 1365 componere3
816 1290 879 1351 tum
907 1300 948 1346 ea
970 1282 1103 1366 denique
1125 1287 1240 1349 vestire
1263 1293 1310 1349 at-

268 1419 328 1484 que
345 1417 457 1465 ornare
481 1397 636 1473 oratioue3
657 1405 728 1482 post
742 1398 894 1463 memoria
915 1400 1055 1483 saepire,
1078 1398 1119 1463 ad
1142 1408 1310 1463 extremum

269 1535 365 1600 egere
392 1533 461 1579 cunr
482 1513 631 1596 dignitate
660 1532 698 1577 ac
718 1522 896 1578 venustate:
924 1515 1019 1578 etiam
1034 1514 1104 1579 illa
1125 1534 1310 1598 cognoram

268 1631 340 1697 143.
363 1639 393 1696 et
411 1649 603 1718 acceperam,
626 1639 792 1713 antequam
808 1628 846 1696 de
868 1648 903 1695 ne
924 1628 1108 1708 diceremus,
1123 1606 1218 1696 ¹initio
1234 1650 1310 1696 con-

268 1749 423 1818 ciliandos
450 1767 557 1814 corum
584 1766 656 1814 esse
684 1748 819 1835 animos„
849 1748 900 1829 qni
925 1747 1083 1824 audirent3
1111 1747 1222 1812 deinde
1244 1766 1311 1811 rem

269 1866 559 1941 demonstrandam
580 1873 692 1950 postea
706 1865 952 1929 controversiam
968 1863 1229 1940 constituendam
1247 1858 1311 1926 tum

268 1985 317 2060 id,
351 1983 433 2067 quod
463 2000 522 2045 nos
556 1979 803 2056 intenderemus,
836 1978 1099 2058 confirmandum
1128 1989 1200 2065 post
1230 1996 1310 2060 quae

269 2098 575 2166 contradicerentur
595 2094 784 2171 refellendas
811 2072 950 2161 extrema
972 2107 1073 2161 autem
1096 2097 1237 2161 oratione
1259 2114 1309 2169 ea,

270 2235 350 2300 quae
371 2234 428 2300 pro
450 2212 541 2278 nobis
563 2222 679 2289 essent,
702 2211 920 2298 amplificanda
941 2223 972 2277 et
991 2212 1145 2295 erigenda,
1168 2228 1310 2294 quaeque

269 2341 376 2400 essent
394 2350 452 2417 pro
474 2329 679 2404 adversariis,
702 2327 887 2394 infirmanda
909 2339 1000 2412 atque
1023 2327 1209 2411 frangenda.
1304 2331 1309 2387 ἱ

266 2511 401 2581 definitio.
418 2540 455 2553 —-
471 2512 636 2580 certosque]
655 2500 824 2579 ceterosque
840 2510 889 2580 Lg.
905 2510 947 2565 21.
960 2538 1000 2570 ,-
1018 2512 1178 2578 uteremur]
1196 2517 1312 2563 uteren-

270 2605 320 2652 tnr
337 2597 385 2668 ng.
405 2596 446 2650 76.
465 2625 500 2634 -
523 2595 724 2665 quaerentur]
742 2596 781 2647 sic
800 2594 873 2648 Crat.
891 2595 981 2648 Streb.
1000 2593 1099 2648 Pearc.
1117 2599 1312 2661 recentt.'post

269 2681 335 2736 11ιιι.
357 2680 441 2735 codd
461 2680 554 2747 (etiarn
571 2678 632 2733 Gn>
643 2678 667 2730 1.
684 2678 713 2744 2)
739 2687 767 2731 et
784 2679 847 2733 edd.
870 2679 934 2731 inde
958 2678 993 2731 ab
1011 2677 1202 2744 antiquissimis
1221 2691 1311 2743 qnae-

269 2770 355 2820 rttar.
373 2793 409 2804 -
430 2780 504 2832 qaue
522 2763 633 2828 omnes]
653 2761 780 2832 vulgatur
798 2767 856 2831 qnt.
895 2761 1063 2836 Correxinex
1081 2760 1131 2830 Lg.
1149 2759 1190 2812 13.
1209 2757 1250 2812 32.
1266 2756 1311 2811 ne.

269 2847 336 2903 Non
363 2845 437 2908 loci,
470 2845 519 2899 sed
546 2843 773 2899 deliberationes
801 2847 953 2916 diriguntur
978 2846 1014 2898 ad
1038 2845 1181 2898 utilitatem
1208 2858 1313 2906 eornm,

272 2930 370 3000 qulbus
387 2929 529 2982 consilinm
548 2928 651 2981 damus.
669 2957 705 2968 ·-
730 2929 939 3000 dtriqerentur]
961 2930 1126 3000 dtrtqentnr
1142 2927 1193 2998 Lg.
1214 2925 1253 2980 17.
1268 2925 1310 2979 67.
1341 2940 1345 2943 ·

268 3014 310 3069 69.
323 3012 355 3066 81
371 3026 441 3067 corr.
460 3012 624 3082 diltqenter.
640 3040 676 3050 —
691 3012 783 3081 idem]
797 3020 898 3066 antem
910 3012 960 3083 Lg.
973 3012 998 3066 6.
1016 3013 1055 3067 17.
1067 3006 1104 3052 -’
1118 3010 1312 3079 referrentur]

267 3096 435 3167 referentur
452 3095 501 3165 bg.
521 3095 561 3149 17.
580 3093 621 3148 24.
646 3095 698 3149 Gn.
718 3098 741 3151 l.
760 3127 796 3140 —-
823 3096 1041 3165 transferentur
1056 3094 1099 3148 81.
1477 3126 1478 3141 t

356 3179 413 3235 142.
450 3170 583 3234 oratoris
597 3181 657 3247 cis]
677 3180 731 3235 inv.
757 3181 806 3252 ng.
827 3180 868 3238 15.
905 3187 1058 3233 oratorem
1074 3177 1117 3232 81.
1140 3205 1176 3218 --
1197 3176 1312 3249 pertis]
1417 3167 1419 3170 ’
1477 3172 1478 3211 t

268 3266 364 3337 scripsi
382 3281 417 3320 ex
436 3264 486 3334 Lg.
506 3265 546 3318 15.
566 3264 609 3319 67.
628 3292 664 3306 ·-
687 3266 831 3336 reperire]
857 3266 1011 3336 repperire
1030 3261 1080 3331 Lg.
1100 3260 1142 3314 20.
1179 3264 1313 3330 recipcre

270 3351 310 3404 15.
333 3378 369 3392 -
397 3355 486 3418 atque
509 3348 633 3414 tnde'cio]
659 3365 695 3401 ac
713 3348 773 3402 ind.
799 3348 848 3418 Lg.
870 3349 909 3402 14.
932 3346 975 3400 20.
995 3347 1037 3400 23.
1058 3347 1100 3399 35.
1121 3344 1164 3397 93.
1186 3343 1225 3396 ita
1242 3359 1312 3395 corr.
1386 3394 1390 3405 ,

267 3433 310 3489 81.
332 3463 368 3475 ·-
399 3432 587 3504 componere]
612 3431 770 3502 disponere
795 3432 858 3487 edd.
883 3432 993 3501 plnres,
1018 3429 1114 3498 steph.
1142 3428 1209 3480 lunt.
1235 3425 1312 3479 Μιιιι.

269 3518 364 3572 lamb.
391 3516 423 3570 ld
442 3533 493 3586 pro
511 3516 687 3586 dispensare
704 3532 772 3584 prae
788 3532 819 3567 se
837 3515 928 3568 ferunt
945 3513 994 3582 Lg.
1015 3514 1061 3569 15.
1077 3511 1118 3566 76.
1147 3511 1205 3564 Pro
1225 3518 1314 3580 cique

268 3603 369 3656 ibidem
387 3607 416 3652 et
433 3599 483 3670 Lg.
502 3599 545 3653 69.
565 3598 618 3653 93.
630 3629 661 3637 -
694 3599 838 3665 oratione]
858 3598 989 3651 dictione
1004 3596 1056 3668 Lg.
1074 3596 1099 3649 2.
1117 3624 1153 3635 ·-
1184 3595 1314 3667 saepire]

269 3687 309 3745 sic
333 3685 382 3754 Lg,
403 3682 437 3735 81
455 3699 524 3736 corr.
544 3682 586 3736 84.
628 3681 739 3737 Rectius
759 3684 799 3735 sic
816 3677 993 3752 διφθόγγως,
1017 3697 1043 3735 v.
1065 3679 1164 3733 Cellae.
1184 3675 1313 3747 Orthogr.

270 3787 297 3840 p.
315 3767 367 3822 346
384 3765 459 3820 Harl.
480 3795 511 3805 -
539 3765 686 3837 dtqnitete
703 3783 740 3820 uc
756 3766 921 3831 venustate]
939 3766 994 3819 inv.
1013 3763 1064 3833 Lg.
1080 3763 1121 3817 21.
1141 3761 1176 3816 32
1194 3778 1264 3815 corr.

271 3872 273 3877 ’
357 3851 415 3906 143.
451 3866 555 3923 eorum
575 3851 649 3917 esce]
674 3850 728 3904 inv.
755 3849 806 3920 Lg.
830 3849 872 3903 20.
896 3848 938 3902 23.
958 3847 999 3900 81.
1022 3879 1053 3887 -
1084 3844 1315 3911 intenderemus]

271 3933 511 3991 contenderemus
533 3933 583 4004 Lg.
607 3933 650 3987 20.
688 3933 721 3986 td
744 3950 796 3986 οιιι.
815 3933 894 3987 idem.
917 3962 952 3973 -
979 3929 1225 3998 confirmandum]
1247 3944 1315 3980 con-

241 4014 243 4021 ⁴
269 4019 420 4090 {domnola
442 4018 491 4089 ng.
511 4019 552 4072 73.
568 4045 605 4058 —-
630 4014 936 4085 contradicerentur]
962 4013 1007 4087 ὑφ’
1028 4015 1059 4069 ἕν
1075 4013 1128 4083 Ing,
1146 4012 1187 4066 65.
1207 4012 1249 4066 81.
1270 4009 1314 4065 86.

270 4104 313 4161 et.
334 4133 364 4145 -
388 4102 536 4176 accendo]
555 4099 673 4172 ceneda
689 4099 739 4170 Lg.
758 4100 801 4154 65.
