2958 4584
398 278 457 366 nn
485 292 714 367 urrunnu
741 294 866 367 umus
887 300 1015 369 nro,
1140 298 1226 378 nt

179 473 215 536 iu
237 469 371 536 diceudo
387 458 484 556 posse
503 478 632 537 tantum.
675 467 782 557 Atqui,
804 464 924 549 (latnie,¹
947 469 1226 558 imprisionantur,

185 581 251 654 mou
273 606 332 673 ego
353 569 514 653 utilitatem
531 587 669 674 aliquam
692 588 734 653 ad
751 588 915 654 dicendum
938 608 1097 677 aucupans
1117 592 1228 658 horum

183 704 284 771 libros
299 716 335 770 et
356 724 419 772 non
439 704 544 772 nullos
569 705 666 782 alios,
694 705 752 770 ssd
773 705 992 774 delectationis
1015 727 1128 787 eausa,
1157 730 1227 776 cum

182 832 230 889 est
258 825 366 901 otium,
392 822 501 908 legere
528 823 628 890 soleo.
681 823 733 889 66.
762 822 845 902 Quid
872 830 972 909 ergoi
1004 835 1066 903 ast,
1094 825 1227 906 fatebor,

182 940 299 1025 aliquid
320 951 442 1019 tamen,
469 951 517 1018 nt,
545 961 614 1007 oum
640 943 673 1006 irr
698 940 767 1007 sole
790 941 960 1019 ambulem,
988 944 1083 1010 etiam
1110 946 1139 1009 si
1165 964 1227 1031 ego

178 1057 219 1123 oo
247 1057 334 1124 aliud
361 1057 530 1134 ambulem,
559 1058 627 1124 fieri
653 1068 758 1133 tamen
784 1069 911 1139 natura,
943 1070 976 1126 ut
1002 1060 1140 1141 colorer,
1168 1065 1226 1140 sic,

180 1194 249 1240 oum
276 1177 355 1242 istos
389 1175 489 1242 libros
523 1176 564 1241 ad
592 1173 749 1243 Misenum
777 1178 869 1268 (uam
895 1176 1015 1244 Romae
1046 1180 1099 1245 uix
1132 1179 1225 1263 licet)

179 1293 351 1359 studiosius
366 1292 508 1378 legerim,
530 1295 630 1361 sentio
645 1292 772 1360 illorum
787 1299 808 1374 †
825 1306 918 1362 cantu
934 1298 1108 1372 orationem
1125 1317 1227 1364 meam

180 1404 275 1496 quasi
307 1410 457 1476 colorari.
521 1408 587 1475 Sed
618 1429 659 1475 ne
691 1410 787 1476 latius
823 1411 883 1477 hoc
915 1412 1006 1479 uobis
1041 1425 1150 1502 patere
1180 1417 1228 1483 vi·

179 1527 305 1605 deatur,
337 1527 418 1593 haec
450 1527 598 1593 duntaxat
624 1529 657 1593 iu
682 1525 816 1594 Graecis
847 1528 1124 1618 intellegendae
1155 1504 1227 1619 ipsi,

178 1647 232 1732 qui
255 1648 463 1743 seripserunt,
484 1643 648 1711 volucrunt
668 1643 764 1729 uulgo
786 1643 945 1729 intellegi,
985 1647 1039 1712 61.
1072 1650 1105 1714 iu
1125 1649 1228 1736 philo·
1278 1646 1280 1649 ’

78 1894 85 1907 ,
181 1845 209 1898 lu
232 1843 282 1916 Lg.
304 1843 347 1902 111.
382 1845 529 1899 coloretur
550 1845 584 1899 tl
608 1863 678 1900 corr.
715 1844 892 1901 13010νεί73.
915 1875 951 1887 —·
982 1845 1147 1917 studiosos]
1173 1864 1228 1907 om.

180 1929 230 2000 ng.
250 1930 276 1982 6.
294 1958 337 1985 ——.
355 1930 489 2000 deperiere]
512 1931 609 2001 lepero
627 1929 676 2001 Lg.
697 1931 722 1984 5.
743 1930 782 1985 ll.
803 1929 843 1984 15,
864 1930 955 1986 1617
972 1948 1042 1987 corr.
1061 1931 1102 1987 16.
1122 1933 1164 1988 11.
1184 1933 1228 1990 11.

179 2014 222 2069 36.
247 2013 289 2069 36.
314 2014 357 2069 65.
382 2014 424 2069 67.
445 2015 487 2070 66.
511 2015 552 2069 70.
574 2014 615 2070 73,
638 2015 682 2070 66.
708 2014 778 2069 vtes.
802 2013 854 2070 Gu.
874 2014 896 2069 l.
923 2014 1039 2069 fortasse
1062 2019 1178 2086 rectius,
1203 2019 1229 2073 sl

99 2156 107 2173 ἱ
181 2086 289 2169 quidem
317 2109 419 2154 certum
450 2107 492 2153 est
521 2099 639 2153 suturam
663 2107 789 2152 exactum
819 2100 945 2154 oratioue
969 2099 1080 2172 obliqua
1108 2117 1165 2157 uou
1189 2104 1230 2158 itu

181 2184 271 2251 uilici,
302 2193 331 2238 ut
355 2184 545 2238 coniunctlvus
574 2184 599 2237 ei
629 2184 807 2254 subrogetur3
836 2201 863 2238 ν.
889 2183 1038 2240 Commeat.
1071 2185 1106 2240 de
1133 2186 1229 2243 {ermis

180 2270 323 2324 enuntiati.
341 2268 530 2324 condicionali.
542 2266 606 2340 ling.
619 2267 679 2323 Lot.
698 2286 725 2338 p.
738 2268 781 2324 61.
816 2266 853 2323 S!
868 2270 965 2341 lepero
983 2279 1025 2324 est
1041 2268 1092 2325 ἐὰν
1105 2268 1231 2340 duam,

182 2356 212 2406 si
217 2349 349 2425 deperiere
366 2357 390 2407 si
407 2352 568 2423 ἀναγνοίην.
592 2352 697 2407 Bakius
714 2352 833 2407 ambulo
850 2361 878 2408 et
897 2353 962 2425 depo
979 2357 1101 2425 corrigit,
1119 2370 1229 2410 causan

140 2483 146 2497 ,
182 2438 418 2490 coniunctivorum
440 2438 542 2491 nullam
565 2455 626 2491 esse
644 2447 726 2494 ratus.
745 2467 781 2479 —-
813 2438 934 2494 didonem
953 2445 1042 2493 contu
1061 2431 1230 2494 cuononem
1259 2475 1263 2481 ·

164 2538 282 2575 mecm
305 2525 394 2591 qnasi
419 2522 567 2591 colorari]
595 2524 699 2577 restitui
728 2522 810 2576 codd.
839 2531 942 2575 mutum
969 2538 1025 2576 nom
1054 2522 1173 2576 omnium
1202 2533 1230 2580 et

182 2606 344 2677 scripturam
370 2614 398 2659 et
419 2606 567 2661 verborum
589 2608 720 2663 ordinem.
761 2606 888 2661 Cautum
915 2622 975 2663 cum
1003 2605 1156 2677 intelligere
1183 2607 1230 2664 dc·

181 2699 307 2762 speraret
324 2690 473 2758 Ernestus,
497 2698 580 2746 tacto
596 2693 702 2763 recepit
719 2710 754 2746 ex
774 2692 834 2746 cod.
854 2690 911 2747 Erl.
932 2690 971 2757 1.,
996 2690 1032 2743 de
1051 2692 1127 2746 cuius
1144 2695 1231 2765 scrip·

182 2785 260 2830 turae
282 2774 340 2829 fide
363 2776 457 2830 dubito
480 2790 663 2849 magnopere,
687 2779 738 2831 etsi
762 2778 790 2831 in
813 2774 863 2847 mg.
881 2777 924 2832 16.
946 2774 990 2831 61.
1009 2775 1052 2832 64.
1079 2777 1151 2831 idem
1175 2779 1231 2852 legi

181 2861 323 2928 videatur,
347 2861 398 2915 nisi
420 2861 492 2915 lorte
516 2862 543 2915 in
565 2860 922 2917 transscribendis‘sclredls
941 2861 1130 2940 Logomarsiul
1149 2881 1167 2918 a
1186 2880 1231 2919 mc

103 2992 105 2995 ,
182 2954 311 3000 erratum
321 2954 371 3000 est.
407 2946 465 3000 Sed
483 2948 567 3000 ceteri
586 2946 636 3018 [lg.
659 2964 768 3013 omnes,
786 2947 838 2999 nisi
856 2947 917 3015 qul,
936 2946 1010 3016 quod
1027 2946 1071 3001 hle
1089 2948 1116 3001 in
1134 2948 1229 3020 primis
1280 2984 1284 2997 ,

182 3030 293 3097 doleas,
309 3031 434 3084 lacunosi
449 3040 513 3084 suut
530 3032 560 3101 (a
577 3031 671 3084 verbis
688 3031 741 3085 sed
757 3048 794 3086 rte
812 3031 903 3084 latios
919 3048 1025 3086 rursum
1043 3032 1130 3086 verba
1147 3035 1232 3105 scrip·

182 3116 250 3169 toris
268 3114 398 3169 exhibent
412 3114 461 3186 hg.
474 3114 499 3169 1.
513 3117 538 3169 l.
554 3115 593 3170 13.
605 3115 648 3171 31.
665 3115 778 3185 (11.3),
794 3116 859 3170 item
871 3116 942 3169 Vlct.
957 3115 1009 3172 Gu.
1027 3116 1049 3169 1.
1065 3116 1156 3172 flavo.
1169 3118 1193 3174 1.
1204 3119 1231 3174 1.

181 3210 209 3255 et
230 3200 360 3271 quicquid
383 3199 441 3253 lere
464 3208 611 3269 praeterea
633 3200 765 3256 librorum
783 3200 909 3253 collatum
930 3201 1161 3271 estdlligerrtius,
1184 3220 1233 3256 ex·

181 3285 276 3339 lribemt
294 3283 368 3354 quod
385 3284 510 3337 dedimus
531 3292 559 3337 et
576 3301 611 3337 eo
629 3283 741 3350 ordiue;
766 3300 819 3339 nec
838 3283 982 3338 hactonusx
993 3284 1106 3340 dissidet
1126 3284 1185 3340 uri.
1207 3286 1230 3343 1.
1339 3312 1367 3371 '-

180 3369 225 3424 De
250 3369 302 3423 Gu.
319 3369 343 3424 1,
369 3377 475 3435 tamen,
508 3369 609 3422 collato
635 3384 696 3421 cnm
720 3368 763 3423 ed.
781 3366 905 3435 Ernesti,
936 3369 1003 3423 uilril
1027 3371 1117 3424 uetari
1135 3370 1231 3427 video.

181 3454 283 3508 iniuria
300 3454 382 3525 igitur
400 3453 515 3519 lactum,
540 3453 614 3522 qrrod
631 3453 715 3523 vulgo
734 3453 832 3524 legitur
853 3452 907 3505 lroc
925 3453 1038 3507 ordine:
1064 3459 1233 3510 orationem

182 3556 281 3594 meam
299 3538 420 3592 illorum
440 3547 491 3592 etc.
517 3537 563 3592 De
577 3539 713 3594 sententio
728 3538 792 3591 vide
809 3537 1015 3607 explicationes.
1028 3566 1065 3582 -υ
1082 3539 1232 3613 intellego]

184 3624 249 3677 dedi
268 3622 429 3695 1111336.
449 3622 493 3678 65.
511 3623 552 3678 67.
573 3622 615 3675 76.
634 3622 675 3677 73.
694 3621 785 3677 66.-
802 3638 855 3676 om.
872 3622 898 3677 3.
918 3621 943 3677 5.
961 3622 986 3677 6.
1007 3622 1048 3678 ll.
1070 3623 1108 3680 15.
1130 3622 1170 3681 16.
1189 3625 1232 3682 lt.

181 3707 223 3760 11.
241 3707 283 3763 13.
302 3708 345 3763 14.
364 3707 398 3761 35
410 3708 525 3767 add-
543 3707 706 3775 oolaemtot]
725 3705 850 3762 omssGu.
861 3706 888 3761 3.
905 3737 936 3750 -
955 3706 1053 3779 culpo]
1072 3724 1092 3760 a
1110 3709 1240 3782 additum,

99 3819 109 3837 s
183 3778 212 3846 lu
231 3793 293 3847 edd.
312 3811 366 3849 om.
386 3792 436 3864 hg.
457 3792 482 3846 1.
500 3794 524 3847 A.
544 3791 570 3847 6.
591 3791 630 3846 13.
650 3791 691 3846 11.
711 3791 745 3845 31
757 3791 820 3845 add.
838 3789 881 3846 36.
903 3791 954 3847 Gu,
974 3791 999 3846 3.
1020 3793 1102 3863 louge
1119 3794 1232 3861 mellus;

180 3877 273 3931 delevi
290 3879 381 3950 igitur.
407 3874 483 3931 ldem
499 3876 592 3931 Balio
610 3877 709 3946 placet.
727 3903 762 3916 —-
788 3875 935 3948 totellept]
954 3877 1049 3947 scripsi
1069 3894 1104 3931 ex
1124 3877 1174 3949 hg.
1191 3879 1232 3936 rt.

265 3960 308 4016 61.
341 3963 468 4030 vestros]
486 3967 605 4016 nostros
619 3960 705 4032 1152.
716 3963 740 4017 l.
752 3961 777 4016 6.
789 3960 832 4016 16.
843 3960 897 4026 84,
912 3961 986 4032 quod
997 3962 1045 4014 vix
1059 3960 1169 4014 dublum
1182 3972 1233 4031 cst,
1343 4016 1346 4021 ⁴
1390 4022 1393 4031 ,

171 4046 247 4115 ”quin
259 4054 375 4100 vostros
387 4047 474 4100 latere
487 4046 596 4100 iudicet.
619 4063 686 4100 acro
697 4045 810 4109 Lamb‚;
828 4047 867 4098 ita
877 4060 948 4099 corr.
962 4045 1048 4098 36.·-·
1065 4048 1094 4096 si
1103 4046 1234 4114 praedo]

183 4131 331 4204 macodo
349 4132 400 4203 Lg.
412 4131 438 4188 1.
456 4155 494 4172 ·-·
509 4131 620 4200 lucidi]
640 4127 953 4198 111661101131331.
971 4126 1016 4203 16.
1042 4125 1176 4179 toesdm
1189 4125 1233 4182 61.
1334 4188 1339 4197 ,
