2980 4602
208 359 210 363 ¹
255 285 324 389 ⁸⁸
504 371 507 375 ¹
660 275 917 385 uuouaonis

228 486 230 490 ·
259 448 494 517 excusationem
523 466 587 513 non
617 445 730 531 habat,
763 446 850 531 quial
869 463 961 511 namo
991 445 1114 511 videtur
1146 455 1198 513 ant
1230 452 1305 533 quia

235 565 374 651 ,omnus
400 565 494 630 inanit
520 573 573 630 ant
598 562 682 649 quod
706 564 752 628 ita
778 561 923 627 maluerit
947 561 1057 627 stultns
1078 540 1188 628 iniria.
1233 563 1303 642 Quo

260 683 355 769 otiam
385 684 514 765 gravius
544 680 692 745 iudiqum
723 680 757 743 in
787 677 935 743 dicendo
952 677 1102 743 subimus.
1152 678 1306 757 Quotiens

261 800 344 889 enim
365 797 507 873 dicimus,
526 799 641 862 totiens
664 794 703 859 da
719 794 814 861 nobis
834 794 1004 872 iudioatnr3'
1026 803 1057 859 ot
1078 798 1131 880 qui
1154 796 1252 861 semol
1273 800 1307 862 in

261 924 352 1000 gestu
374 917 517 1000 peccavit
543 918 607 978 non
634 913 782 978 continuo
808 911 1003 976 existimatur
1023 914 1147 976 nescire
1169 923 1307 996 gestumr

263 1014 352 1121 cuiun
374 1041 477 1097 antam
498 1031 532 1094 iu
547 1027 679 1094 dicendo
702 1025 776 1111 quid
790 1025 1012 1112 reprehensum
1029 1036 1086 1104 est,
1109 1038 1162 1093 ant
1179 1038 1309 1095 aeterna

263 1149 295 1212 ln
318 1167 360 1215 ao
379 1156 432 1212 aut
453 1156 536 1212 corte
559 1141 809 1210 diutuma'valet
830 1143 936 1227 opinio
957 1143 1124 1209 tarditatis.

195 1326 200 1333 .
349 1260 496 1330 XXVIII.
524 1261 596 1326 100.
616 1257 700 1346 Illud
720 1277 806 1337 varo,
830 1258 913 1343 quod
935 1278 955 1325 a
975 1269 1006 1324 ta
1030 1260 1144 1325 dictum
1166 1270 1214 1326 ost
1235 1230 1308 1328 asso
1354 1302 1357 1311 ι

99 1354 102 1361 ’
264 1380 426 1478 permulta,
448 1397 529 1464 quaa
552 1387 659 1447 orator
680 1384 831 1440 amatura
850 1377 914 1439 nisi
934 1374 1074 1453 haberat,
1096 1396 1160 1442 non
1179 1378 1308 1444 multum

267 1519 288 1574 a
308 1499 459 1590 magistro
477 1494 685 1570 adiuvarrtun,
706 1491 800 1564 valde
821 1491 879 1556 tibi
902 1494 1060 1558 assentior
1080 1495 1172 1578 Inque
1196 1514 1234 1560 oo
1255 1496 1308 1569 vel

265 1592 399 1683 maxima
420 1584 552 1699 probaui
580 1628 730 1675 summum
756 1607 844 1673 illum
870 1608 1030 1675 doctorem
1051 1608 1309 1677 Alabandensem

266 1730 477 1818 Apollonium,
500 1729 552 1813 qui
578 1742 647 1792 oum
669 1724 813 1791 mercada
839 1724 979 1803 donarat,
1000 1736 1106 1791 tamon
1126 1746 1190 1792 non
1209 1730 1311 1814 patio-

266 1847 358 1925 batnr
384 1856 455 1935 ooo,
487 1863 566 1942 qnos
593 1838 753 1919 iudicabat
782 1861 846 1911 non
870 1862 965 1939 possa
993 1838 1136 1917 oratores
1164 1845 1309 1927 evadare,

268 2079 409 2148 componit
433 2075 560 2132 Oudend.
590 2075 625 2129 ud
647 2074 722 2129 Suet.
748 2074 842 2129 eitun
869 2074 925 2142 10,
955 2077 1007 2129 etsi
1031 2074 1212 2147 Exquiliuur
1236 2087 1312 2132 certa

268 2163 375 2225 ratione
388 2162 591 2225 etauctoritate
604 2159 687 2230 longe
700 2159 811 2213 interius
826 2170 883 2224 0³13
901 2160 964 2213 item
979 2176 1107 2213 meruere
1119 2178 1171 2231 pro
1183 2178 1323 2235 mercarer

268 2246 379 2312 dictum,
400 2254 428 2299 et
443 2245 631 2299 obstrinrerit
647 2261 698 2314 pro
713 2243 915 2308 obstrinxerit,
934 2260 1004 2313 quae
1020 2244 1048 2297 in
1066 2262 1201 2301 marmore
1214 2248 1312 2300 aetatis

269 2330 469 2392 Antoninianae
487 2330 659 2401 leguntnrp.
678 2328 745 2395 408,
764 2330 787 2384 I
807 2328 925 2395 Gnaeu,
945 2328 1132 2383 etFlarrina
1149 2330 1312 2386 vocobulum

268 2415 388 2478 mulionis
405 2432 440 2468 ax
456 2431 558 2485 genere
572 2412 763 2486 cognominum
775 2414 1035 2484 patronymicorum,
1051 2415 1127 2484 quod
1139 2414 1313 2469 Flaccianum

270 2497 428 2585 significare
444 2499 546 2552 clarum
563 2507 605 2551 ost
623 2516 649 2568 p.
661 2496 722 2564 400,
738 2499 761 2551 l.
795 2497 901 2551 Eodem
919 2499 1047 2568 pertinet,
1066 2500 1140 2568 quod
1159 2499 1313 2553 hesternus

270 2591 455 2642 arontam
474 2581 1062 2649 confundunturuncodd.‚velutll.i‚lb.
1081 2583 1313 2638 itemiterteraur

269 2678 298 2722 et
316 2675 476 2731 extremar,
494 2683 522 2721 v
541 2664 589 2720 III.
608 2667 635 2732 6,
651 2665 705 2732 01.,
724 2666 839 2718 lassare
856 2675 884 2720 et
901 2667 1007 2720 lamone
1025 2685 1051 2723 v
1071 2685 1129 2723 var
1147 2669 1209 2721 loct.
1229 2667 1249 2721 l.
1268 2669 1313 2734 00,

269 2753 328 2807 054.
342 2782 379 2801 π
401 2752 485 2826 quid]
508 2751 548 2803 sic
565 2750 704 2820 vulgatum
727 2748 845 2820 aliquid
865 2752 974 2804 correxi
994 2769 1028 2806 ox
1046 2751 1095 2823 113.
1115 2752 1169 2805 XX
1191 2751 1314 2820 bonique

270 2844 381 2905 praeter
389 2838 427 2901 0.,
443 2835 471 2887 in
483 2850 537 2902 quo
549 2842 591 2886 est
604 2833 730 2902 quidem.
739 2862 775 2874 —-
788 2833 1007 2905 reprehensum]
1022 2834 1215 2909 reprobemur
1226 2836 1276 2908 Lg.
1286 2837 1311 2892 0.

271 2909 296 2971 4.
313 2918 337 2972 5.
356 2919 381 2972 0.
403 2919 435 2972 14
451 2935 523 2971 oorr.
542 2918 578 2970 30
591 2933 662 2971 corr.
683 2917 726 2971 05.
744 2917 815 2972 Vici.
832 2918 863 2971 Z.
877 2947 913 2959 -
930 2922 1042 2989 autem]
1060 2939 1113 2975 om.
1132 2919 1182 2992 Lg.
1200 2921 1232 2976 81
1249 2922 1311 2976 uda

270 3001 311 3064 fii.
335 3002 386 3056 Gn.
405 3003 430 3056 0.
449 3000 577 3054 Schuetz.
605 3006 658 3053 aui
677 3000 711 3056 U.
730 3030 765 3048 —.
789 3003 879 3069 certe]
899 3019 951 3063 orn.
971 3004 1021 3075 hg.
1041 3006 1065 3066 4.
1085 3007 1120 3060 30
1137 3005 1199 3060 add.

359 3083 487 3140 XXVIII.
524 3084 582 3139 100.
620 3100 639 3135 a
654 3085 694 3152 te]
713 3084 766 3137 aba
785 3084 1065 3159 0173001οι0.-
1082 3107 1102 3141 a
1118 3095 1228 3144 natura
1243 3091 1315 3158 nisi]

271 3172 312 3227 ric
336 3171 417 3242 posui
439 3168 589 3223 secundum
613 3167 665 3222 Gn.
683 3170 708 3224 3.
731 3166 781 3239 Lg’.
799 3170 825 3233 0.
845 3172 870 3232 3,
893 3173 934 3227 13.
955 3174 1060 3228 3007.
1084 3174 1148 3232 item
1165 3175 1190 3228 4.
1208 3184 1243 3239 ‚et
1260 3176 1315 3243 30.,
1409 3220 1418 3229 .

270 3257 322 3321 nisi
341 3255 415 3326 quod
431 3254 478 3310 ille
496 3252 651 3317 baberent,
675 3252 720 3307 bic
738 3253 855 3308 lateat.
891 3256 981 3327 Vulgo
999 3262 1060 3311 niul
1076 3274 1096 3310 a
1114 3264 1242 3323 natura·
1265 3260 1315 3315 seu

271 3341 353 3396 etiam
375 3341 422 3393 illo
446 3338 528 3393 modo
555 3338 697 3398 collocatis
720 3339 814 3392 verbis
839 3357 923 3393 sonus
946 3341 973 3401 Ιιι
988 3348 1107 3398 natura
1132 3343 1212 3397 cadit.
1255 3347 1317 3397 nini

272 3424 393 3489 baberet
418 3441 438 3483 a
460 3429 523 3476 nai.
549 3421 599 3493 bg.
622 3422 647 3476 5.
666 3423 692 3476 0.
718 3423 758 3476 15.
779 3424 819 3478 10.
839 3424 879 3478 17.
901 3425 943 3480 01.
962 3427 1005 3480 03.
1023 3426 1065 3480 04.
1084 3426 1127 3481 05.
1147 3427 1188 3482 70.
1210 3428 1252 3483 73.
1272 3428 1314 3483 70.

270 3508 367 3570 811-
399 3526 419 3568 a
440 3494 599 3588 mapisiro]
620 3524 640 3558 a
662 3524 714 3570 om.
732 3507 803 3563 Vict.
823 3535 858 3547 —-
887 3512 984 3579 impote]
1010 3515 1109 3581 inquii
1130 3510 1180 3582 Lg.
1201 3512 1226 3567 0.
1245 3514 1270 3567 3.
1290 3514 1314 3568 4.

269 3591 557 3661 natatoriam.
595 3594 717 3660 inquom
733 3591 775 3646 00.
794 3592 837 3647 00.
863 3602 889 3646 et
910 3593 938 3646 hi
959 3611 1064 3673 eoquo,
1088 3595 1228 3650 inventum
1248 3598 1317 3665 eiua,

272 3680 317 3750 quil
335 3679 431 3733 falsum
447 3676 610 3745 scripturam
627 3675 761 3745 probabili
779 3677 861 3730 modo
881 3679 1065 3749 explicaturus
1084 3689 1166 3735 esset.
1184 3711 1220 3722 -
1236 3698 1318 3738 rum·

224 3792 235 3805 ·
271 3782 353 3828 mum
371 3763 466 3830 illum]
491 3762 546 3822 inv.
571 3759 622 3833 bg.
647 3761 673 3815 3.
697 3764 722 3815 4.
745 3761 788 3818 30.
811 3763 854 3818 35.
878 3764 921 3819 07.
943 3764 1043 3819 73
1073 3764 1242 3820 ἀσθενείη-
1258 3783 1319 3819 aon

267 3849 368 3929 porra]
392 3864 445 3908 om.
470 3846 522 3900 Gu.
547 3845 569 3899 1
613 3851 747 3899 oratores
772 3848 895 3902 eandm
919 3849 1126 3919 interpolatoris
1152 3867 1214 3912 aare
1241 3858 1319 3921 putat

271 3932 378 3986 Baklun'
394 3948 445 3984 nec
461 3932 501 3984 sic
520 3929 573 3983 dici
590 3930 701 3983 omnino
720 3931 850 3987 eundern.
887 3933 975 3986 Simili
993 3934 1179 3988 additamento
1200 3934 1320 4005 efficere

271 4015 326 4085 legi
338 4013 371 4069 11
384 4015 427 4081 00,
439 4015 482 4070 85.
515 4012 599 4071 (ruod
617 4011 669 4065 dici
688 4016 791 4088 potuit,
813 4034 868 4071 non
887 4017 981 4071 debuit
998 4019 1132 4087 protinus
1166 4020 1212 4074 De
1231 4022 1321 4075 lailai-

273 4108 329 4166 tata
354 4099 418 4161 ilde
439 4098 555 4161 Brutum
579 4096 631 4161 34,
659 4098 725 4160 laur
755 4100 901 4164 Atlantas
928 4133 958 4144 -
981 4101 1133 4185 perfectas
1155 4104 1321 4185 Epimeni
