2958 4584
239 260 375 397 aaa*
452 270 456 279 '‘
630 276 898 347 emenonis
970 273 971 276 ‘
1028 276 1067 287 '·

240 443 384 517 uenisset
406 447 494 514 exsui
516 468 634 534 proque
660 468 715 526 co,
742 450 824 536 quod
851 452 920 516 eius
941 471 1055 518 nomen
1081 465 1150 521 erat
1171 476 1288 542 magna

243 568 325 656 apud
348 568 449 633 onmis
470 567 590 651 gloria,
612 569 760 633 invitatus
783 579 868 633 esset
890 569 931 635 ab
952 568 1127 655 hospitibus
1149 577 1230 653 suis,
1256 587 1290 642 ut

244 704 329 763 eum,
361 705 451 771 quem
473 686 554 763 dixi,
585 687 613 750 si
634 684 746 761 uellet,
780 683 916 764 audiret,
949 707 1077 774 cumque
1108 692 1136 755 is
1164 713 1199 757 se
1226 704 1291 758 non¹

242 803 328 869 nolle
356 803 506 867 dixissset:
538 802 673 889 locutus,
689 823 762 867 esse
790 803 904 868 dicitnr
934 803 1026 871 borno
1054 809 1201 893 copiosus
1230 811 1291 875 ali-

164 999 172 1006 „
244 932 317 1010 quot
337 919 434 986 horas
461 919 499 985 de
522 922 719 1006 imperatoris
747 919 851 1000 afficio
874 932 905 986 et
929 922 968 988 de
991 925 1074 989 omni
1095 945 1130 990 re
1152 927 1290 993 militari.

246 1038 342 1116 Tum,
365 1032 434 1104 oum
457 1040 563 1114 ceteri,
586 1039 670 1122 quir
658 1034 748 1101 bium
771 1038 943 1117 audierant,
965 1039 1164 1108 vehementer
1185 1055 1292 1123 essent

247 1157 403 1228 delectati.
426 1154 619 1241 quaerebant
641 1130 681 1220 ab
703 1153 891 1233 Hannibale,
915 1158 1092 1243 quidnam
1083 1181 1150 1247 ipse
1173 1162 1212 1228 de
1234 1163 1291 1231 illo

245 1273 431 1362 philosopho
458 1274 620 1339 iudicaret.
672 1271 731 1338 Hic
758 1272 883 1340 Poenus
913 1294 976 1340 non
1009 1285 1130 1362 optume
1159 1277 1291 1359 Graece,

167 1418 176 1432 ²
249 1394 306 1459 sed
331 1384 564 1458 tamen'liberc
585 1381 797 1478 'respondisse
830 1392 929 1475 iertnr
959 1376 1072 1459 multos
1106 1416 1141 1461 se
1174 1397 1317 1465 deliros‘

250 1664 313 1733 quia
337 1671 399 1749 pqst
429 1665 576 1719 resumitur
603 1662 692 1716 oratio
720 1662 814 1716 verbis
841 1661 953 1716 locutas
982 1679 1044 1716 esse
1070 1651 1182 1719 dicitnr
1206 1665 1293 1721 boma

249 1752 394 1821 copiosas,
412 1749 550 1818 inquibus
568 1747 655 1800 boma
673 1750 810 1819 copiosas
828 1743 1025 1808 ἀνακολούθως
1042 1749 1156 1802 insertur
1172 1750 1294 1820 pluribus

140 1902 144 1909 1
247 1835 435 1934 interpositis.
450 1834 505 1892 Qui
518 1841 664 1904 praeterea
680 1842 744 1886 ante
755 1839 789 1886 ιιι
797 1837 1014 1905 peripateticus
1026 1833 1107 1906 plene
1120 1833 1295 1906 distinguunt,

250 1920 361 1972 omnino
379 1936 433 1972 non
455 1918 571 1984 babent,
597 1934 650 1985 quo
669 1914 882 1970 Phormionem
903 1917 1039 1984 reserant,
1062 1935 1124 1971 nam
1143 1919 1294 1973 vera-ba

250 2001 363 2055 dicium
380 2003 491 2055 naellam
503 2004 659 2073 aspexisse
679 2001 719 2053 sic
737 2000 771 2053 ab
784 2001 899 2054 bominis
912 2003 1050 2055 mentione
1047 2004 1248 2081 seiunguntar.
1261 2035 1295 2044 -

251 2076 420 2154 Hannibal]
445 2085 614 2139 Annibale.
633 2084 743 2138 Anidal
763 2084 807 2138 bic
831 2095 858 2139 et
880 2086 950 2140 inira
966 2079 1008 2139 bis
1026 2073 1156 2141 librorum
1173 2105 1295 2142 meorum

249 2171 361 2226 solilb.
382 2172 422 2227 17
440 2171 493 2237 93,
510 2170 598 2224 altero
615 2170 679 2224 loco
697 2170 778 2223 etiarn
795 2171 829 2223 84
844 2188 913 2225 corr.
932 2169 1030 2226 Hann.
1049 2202 1084 2212 -
1105 2171 1294 2244 Cartbapine]

254 2256 414 2328 Cartapine
437 2256 488 2328 Lg.
500 2256 530 2310 3.
550 2256 590 2310 15.
609 2255 650 2310 33.
671 2256 714 2308 24.
732 2255 774 2310 32.
796 2256 838 2310 67.
858 2256 899 2310 76.
917 2256 960 2308 81.
977 2256 1019 2309 84.
1039 2255 1081 2310 86.
1105 2257 1177 2332 Vici.
1200 2258 1251 2310 Gn.
1269 2256 1294 2310 3.

254 2343 331 2413 qaod¹
350 2342 384 2396 ab
409 2342 568 2413 antiquariis
590 2340 756 2412 proiectum,
781 2343 826 2410 qui
844 2341 926 2394 Gellii
945 2349 971 2394 et
989 2338 1137 2395 Frontonis
1160 2352 1250 2396 aetate
1267 2342 1294 2394 in

252 2430 401 2499 scriptores
415 2437 527 2482 veteres
541 2424 735 2497 grassabantur
751 2427 873 2479 studiose
886 2425 1043 2496 ignorantes
1057 2425 1199 2480 Ciceronis
1212 2427 1296 2497 ipsius
1395 2443 1399 2447 ’

149 2511 151 2519 '
253 2510 428 2589 'praeceptum
448 2510 498 2567 Or.
516 2511 565 2578 48,
587 2511 644 2564 166.
651 2530 660 2577 3
686 2512 724 2563 ita
746 2511 774 2564 in
797 2510 876 2564 codd.
897 2511 980 2580 paulo
1000 2513 1152 2565 accurat-lus
1177 2531 1210 2564 er
1230 2512 1297 2565 antl-

253 2597 393 2669 quioribns
416 2597 569 2667 descriptos
591 2597 706 2666 irrepsit.
745 2594 931 2666 Karibapine
952 2595 976 2648 L
978 2595 1047 2650 arab.
1072 2596 1164 2666 itaque
1185 2597 1209 2650 L
1198 2615 1235 2666 g.
1253 2597 1297 2648 21.

253 2700 273 2736 ιι
290 2681 468 2753 Cartbaqine
489 2682 528 2736 16,
561 2680 738 2752 Cartbapini
755 2680 849 2734 13.-
813 2681 966 2748 ——cnsal]
984 2682 1022 2734 ita
1030 2692 1098 2734 com
1116 2699 1131 2731 s
1148 2682 1226 2733 litera
1244 2682 1297 2733 soll

252 2744 303 2839 L'g.
317 2766 380 2820 at.
400 2768 438 2819 ita
457 2783 526 2820 corr.
542 2765 636 2820 93.—
656 2766 762 2841 omnis]
782 2765 878 2835 scripsi
897 2766 999 2837 eng.
1015 2766 1039 2819 3.
1048 2760 1092 2816 33
1103 2782 1172 2819 corr
1195 2763 1237 2819 36.
1252 2765 1296 2819 81

254 2852 306 2905 Gu.
324 2851 406 2905 3.—
436 2855 543 2903 invitat
498 2851 589 2916 ιιιιι]
613 2836 762 2902 militatur
786 2849 836 2903 Ga.
857 2849 933 2903 3.-
965 2848 1139 2925 hospitibus]
1163 2847 1299 2902 bastibns

254 2937 304 3007 Lg.
324 2936 348 2989 6.
368 2935 401 2986 24
420 2952 543 2988 corn—
575 2935 652 3001 ιιιιιι]
676 2936 753 2985 enim
758 2934 825 3003 ‘.Lg
842 2936 868 2989 6.
893 2953 946 2989 orn
965 2935 1043 2989 3.—
1071 2950 1192 3006 eamque
1209 2936 1247 3003 is]
1272 2939 1299 2987 is

256 3038 309 3075 onr
335 3020 396 3074 edd.
422 3021 602 3091 antiquiss.
579 3017 675 3072 lamb.
696 3018 770 3086 rurlg.
797 3025 859 3087 post
883 3019 976 3085 Garat,
1000 3020 1051 3072 sed
1073 3019 1181 3072 minime
1204 3037 1299 3072 omnes

256 3105 346 3171 codd,
365 3104 467 3158 babent
486 3105 555 3157 eninr
572 3104 623 3173 Lg.
641 3102 667 3155 3.
688 3100 712 3154 3.
733 3100 772 3154 13.
794 3101 835 3156 36.
855 3103 897 3157 Si.
919 3105 1071 3157 et·resiitoi
1090 3113 1204 3174 propter
1223 3121 1299 3157 usum

255 3186 339 3262 paulo
358 3190 543 3255 selectionem,
564 3186 637 3257 quod
655 3187 757 3239 nemini
775 3186 891 3253 addere,
910 3188 999 3241 mrrltis
1018 3189 1118 3242 tollere
1137 3188 1164 3239 ln
1182 3196 1299 3240 mentem

255 3270 352 3331 venire
370 3276 466 3346 potuit.
492 3273 563 3327 Vide.
581 3271 781 3342 explicationes
799 3271 835 3323 ad
852 3270 885 3324 ll.
907 3270 947 3337 17,
966 3272 1007 3327 72.
1039 3273 1220 3327 Rationernrrt
1237 3271 1298 3326 Ald.

256 3359 325 3414 lunt.
353 3359 427 3414 Crat.
454 3358 531 3411 Man.
557 3355 654 3410 Muell.
682 3352 731 3410 Or.
776 3358 840 3427 ipse
866 3355 916 3425 Lg.
944 3358 967 3410 4,
993 3356 1035 3410 32.
1061 3358 1105 3411 bic
1132 3357 1233 3411 omisso
1259 3373 1299 3410 se.

159 3494 161 3498 .
257 3445 385 3501 Ceterum
403 3461 470 3498 cnm
485 3442 536 3513 Lg.
565 3458 709 3513 petamque
726 3440 768 3493 69.
787 3470 822 3481 —
839 3440 964 3509 locatas]
982 3442 1119 3510 inparatus
1136 3441 1160 3494 L
1150 3460 1187 3513 g.
1204 3441 1244 3493 17.
1257 3439 1301 3493 31.

257 3530 351 3584 76.
369 3520 490 3595 dicitnr]
509 3532 560 3582 ont.
580 3525 632 3582 Gn.
650 3524 951 3597 3.-—-·tmperatoris]
969 3524 1239 3597 inaperiiLg.3.ci.
1260 3523 1301 3577 13.

197 3676 200 3682 .
257 3614 291 3666 33
309 3630 336 3668 v
355 3631 381 3666 u.
401 3621 420 3666 t.
449 3611 612 3687 inspici.
607 3628 630 3663 e.
655 3612 782 3683 imperio
807 3609 857 3663 Gu.
882 3609 922 3676 3.,
948 3608 1019 3662 unde
1045 3609 1104 3678 quis
1128 3611 1220 3663 eliciat
1246 3615 1301 3663 im·

253 3701 418 3773 paratorio.
456 3696 514 3750 Sed
534 3696 592 3749 veri
615 3695 726 3748 similius
750 3703 792 3748 est
813 3696 840 3748 in
861 3693 1000 3749 codicibus
1020 3711 1128 3761 corum,
1154 3695 1200 3765 qni
1219 3694 1303 3749 bodie

259 3791 382 3848 exstant,
409 3776 530 3834 iontibns
553 3779 682 3849 scriptum
711 3780 795 3833 luisse
824 3783 894 3855 imp.
923 3777 1116 3851 probabilique
1145 3779 1303 3832 coniectura
1378 3782 1383 3791 '

258 3867 423 3934 suppletum.
458 3863 568 3929 Eidem,
591 3881 660 3933 quos
683 3864 754 3929 diri,
778 3873 806 3917 et
821 3871 969 3934 praeterea
990 3864 1040 3934 Lg.
1059 3862 1101 3918 30.
1139 3867 1220 3917 omni
1237 3870 1302 3914 ante

259 3965 291 4001 rc
308 3949 437 4002 militari
454 3948 594 4018 ignorant,
619 3965 655 4001 ne
678 3948 706 4000 id
725 3944 832 4015 quidem
855 3948 1079 4017 improbabiliter.
1096 3977 1132 3989 -
1157 3946 1233 4018 ipse]
1252 3945 1304 3998 iile

261 4035 325 4102 ipse
341 4030 391 4099 Lg.
410 4031 504 4083 omnes
522 4038 634 4098 praeter
647 4031 674 4082 2.
686 4030 738 4096 32,
756 4032 820 4083 item
838 4030 889 4084 Gn.
904 4032 927 4086 l.
942 4030 967 4085 3.
986 4031 1057 4085 Vici.
1078 4033 1115 4084 ita
1127 4047 1197 4084 corr.
1212 4028 1254 4086 33.
1266 4057 1302 4070 ·-

260 4113 309 4168 bic
332 4111 461 4182 Poenas]
490 4113 531 4166 sic
554 4113 633 4168 codd.
659 4110 763 4170 omnes.
806 4112 855 4169 bic
877 4132 930 4172 om.
956 4115 1021 4172 llrn.
1047 4102 1131 4181 Sca}
1156 4113 1206 4170 bis
1230 4115 1303 4170 conl.

1116 4286 1126 4320 Ι
