2942 4608
257 293 355 366 m
660 286 916 356 cressonis

258 476 328 530 cnm
349 461 417 527 sois
439 460 596 526 interisse.
640 457 729 538 Quos
755 478 826 525 cnm
845 458 980 524 bomaio·
994 456 1114 524 veilent
1132 460 1184 524 sni
1204 476 1314 546 nequo
1382 538 1388 544 ‚

257 589 387 667 possem
412 577 543 645 obtritos
564 579 779 645 internoscere
800 576 866 644 nilo
887 575 996 653 modo,
1023 574 1205 644 Simonides
1226 577 1315 646 dioi-

256 708 308 764 tnr
339 717 378 764 ex
405 714 462 774 co,
496 695 579 782 quod
608 697 802 761 meminisset
833 714 894 780 qao
926 714 1036 775 eornm
1067 694 1141 762 loco
1173 699 1313 784 quisquo

144 874 148 885 ,
258 815 436 893 cubuisset,
463 813 693 880 demonstrator
716 815 964 898 maeoniusque
991 811 1167 900 sepeliendi
1195 814 1310 880 fnisse.

260 932 330 1001 Hoc
361 943 425 999 tom
457 951 493 997 ro
526 932 702 998 admonitus
737 932 898 997 invenisse
931 930 1030 997 iertnr
1061 930 1203 997 ordinem
1233 950 1312 999 esso

261 1053 410 1127 maxime,
437 1050 490 1135 qui
516 1050 687 1116 memoriae
713 1048 820 1114 lumen
844 1046 986 1125 odorret;
1028 1046 1101 1114 334
1128 1050 1233 1135 itaque
1255 1052 1311 1128 iis,

262 1170 313 1256 qui
336 1168 418 1235 bono
439 1177 559 1254 portem
581 1168 688 1251 ingeni
710 1175 905 1242 exercerent,
927 1165 1018 1233 locos
1040 1186 1113 1232 esse
1136 1167 1310 1253 ospmndos

261 1297 292 1355 et
319 1307 373 1364 ea,
405 1305 486 1372 quoe
518 1286 670 1351 memorio
686 1292 810 1349 'tenere
832 1283 964 1361 vellent,
997 1283 1176 1368 effingenda
1202 1287 1309 1352 animo

263 1415 357 1491 etque
380 1406 414 1469 in
427 1403 477 1469 his
493 1402 574 1469 locis
598 1401 800 1479 collocanda3
823 1403 870 1467 sic
887 1402 966 1479 fore,
988 1413 1021 1468 ut
1042 1402 1183 1468 ordinem
1203 1422 1310 1468 rernm

260 1523 402 1589 locorum
424 1521 502 1587 ordo
518 1530 729 1598 conservaret,
751 1539 804 1585 ros
827 1529 930 1585 cotem
950 1522 1038 1606 ipsas
1059 1539 1163 1585 rernm
1184 1520 1308 1605 effigies

262 1650 386 1707 notaret
417 1650 509 1726 atque
540 1649 573 1704 nt
598 1638 680 1705 locis
709 1656 767 1724 pro
793 1656 884 1714 cero,
917 1637 1095 1704 simulacris
1122 1657 1178 1724 pro
1205 1637 1307 1704 literis

262 1769 429 1825 uteremur.

346 1871 538 1940 LXXXVII.
581 1872 654 1938 355.
691 1871 754 1952 Qui
785 1873 815 1938 si
850 1883 953 1939 antem
989 1874 1108 1939 orotori
1137 1875 1308 1940 memoriae
1373 1871 1383 1878 “

212 2128 214 2135 ,
266 2094 412 2149 interisse.
452 2088 542 2144 Etiam
565 2089 616 2144 Gn.
640 2092 666 2144 3.
694 2107 761 2143 cam
784 2093 921 2162 connatis
946 2106 1029 2163 appr.
1053 2107 1093 2154 s.,
1117 2089 1171 2145 Gn.
1192 2091 1217 2145 2.
1242 2107 1309 2144 cum

264 2179 399 2249 coynitts.
428 2174 505 2229 Hoec
522 2174 734 2245 interpretandis
752 2179 813 2230 rats
834 2175 943 2229 adiecto
960 2192 1021 2228 esse
1038 2175 1140 2228 ciorum
1157 2183 1207 2230 est.
1235 2175 1308 2233 Quid

265 2262 294 2317 in
313 2264 375 2316 suis
398 2269 426 2315 et
447 2259 623 2329 sequentibus
646 2256 759 2315 humore
777 2260 881 2315 vellent
903 2263 952 2314 troi
971 2254 1092 2314 offensae
1107 2253 1190 2314 fuerit
1207 2250 1324 2329 Baldo,¹

264 2355 295 2402 'nt
318 2347 467 2402 coniiceret
491 2361 558 2398 cum
576 2349 723 2410 commodn-
744 2364 800 2399 non
823 2345 914 2400 video.
951 2342 1076 2417 intellige
1097 2345 1252 2401 convivium
1270 2347 1309 2401 fo·

264 2433 368 2487 miliare
393 2431 481 2503 gentis
503 2430 692 2501 Scopndorum
715 2431 810 2501 paucis
834 2429 951 2484 iortosse
974 2430 1034 2484 eliis
1058 2429 1194 2486 cohibitis.
1230 2416 1308 2486 Occi·

265 2535 357 2573 soram
377 2516 518 2588 sepulture
540 2513 758 2586 mirenturque
777 2519 912 2586 connatis
930 2515 1020 2569 cessit.
1038 2542 1073 2555 ·-
1100 2514 1249 2584 interisse]
1269 2517 1309 2569 sio

264 2605 296 2659 Z.
311 2622 333 2658 ε.
358 2601 409 2657 Ga.
428 2608 500 2666 tres,
523 2600 593 2657 vict.
617 2600 666 2673 Ing.
686 2608 797 2671 praeter
812 2599 838 2654 6.
856 2599 899 2655 20.
918 2598 961 2654 64.
975 2626 1011 2639 —
1034 2599 1170 2668 obtritos]
1190 2599 1307 2655 oberatos

264 2688 317 2760 Ing.
333 2687 359 2742 6.
380 2717 411 2726 -
438 2684 718 2754 demonstratorem]
736 2685 958 2738 demonstrator
974 2683 1025 2755 Lg.
1043 2684 1068 2739 5.
1088 2684 1129 2737 lt.
1146 2684 1247 2740 16.,17.
1265 2685 1307 2741 36.

264 2774 307 2829 33.
327 2773 368 2828 35.
387 2772 429 2827 66.
449 2770 491 2825 76.
509 2769 613 2826 61.64.
631 2770 753 2824 636011.
779 2769 831 2825 Gn.
851 2770 891 2834 l.,
913 2785 1068 2840 quemquem
1091 2769 1119 2822 in
1139 2769 1249 2822 nornine
1266 2771 1308 2825 Si-

109 2923 123 2933 ‚
264 2857 382 2913 monidis
399 2872 454 2910 non
472 2853 637 2927 discrepent.
655 2884 690 2895 -
715 2853 855 2923 afferret]
877 2853 1012 2923 adferret
1024 2850 1081 2925 Lg.
1101 2853 1142 2909 76.
1161 2852 1201 2907 73.

351 2942 410 2996 354.
447 2944 546 3010 itaque
558 2941 608 3009 tis]
629 2944 729 3009 itaque
741 2938 789 2992 dis
807 2939 859 2994 Gn.
873 2939 899 2994 6.
918 2938 968 3011 Ing.
981 2940 1024 2995 64.
1039 2939 1082 2994 65.
1098 2937 1139 2993 76.
1153 2937 1194 2993 73.
1209 2937 1253 2991 64.
1264 2938 1307 2994 66.

264 3030 293 3083 to
310 3025 353 3081 66.
377 3025 448 3081 Vict.
473 3024 525 3078 Gn.
547 3024 569 3078 1.
590 3054 623 3064 -
653 3026 840 3092 exercerent]
865 3030 1001 3078 exercent
1023 3023 1073 3095 Lg.
1093 3024 1118 3079 6.
1140 3023 1181 3078 14.
1204 3023 1244 3078 15.
1265 3023 1305 3079 ii.

263 3111 307 3166 36.
325 3112 368 3168 65.
386 3110 429 3165 66.
446 3109 488 3163 61.
505 3108 548 3163 64.
566 3108 609 3163 63.
633 3108 685 3164 Gn.
705 3110 729 3163 l.
747 3110 771 3162 3.
790 3135 826 3150 -
853 3108 976 3177 callent]
999 3109 1088 3163 eidem
1110 3124 1178 3176 quos
1201 3109 1259 3162 dixi
1280 3116 1307 3163 et

264 3194 452 3268 praeterreri.
472 3194 513 3249 16.
534 3192 575 3248 17.
594 3192 635 3248 36.
654 3194 696 3248 63.
715 3193 757 3248 67.
778 3194 819 3249 76.
839 3193 881 3247 73.
900 3193 941 3248 76.
960 3193 1002 3248 63.
1021 3194 1126 3257 redint,-
1148 3193 1249 3249 nolant
1264 3194 1305 3248 64.

263 3280 367 3336 aedunt
385 3278 474 3334 (16.2.
489 3308 524 3320 --
547 3279 731 3346 collocanda]
751 3278 862 3332 conloc.
880 3277 929 3349 ing.
945 3278 986 3333 76.
1001 3277 1042 3333 73.
1057 3304 1093 3320 -
1110 3279 1307 3346 conservaret]

265 3369 435 3418 secaretur
457 3361 508 3434 Lg.
530 3363 573 3418 36.
610 3369 744 3417 servaret
765 3363 807 3418 66.
831 3362 873 3418 63.
910 3368 1058 3417 conservet
1079 3380 1113 3418 ιιι.
1138 3380 1193 3418 sec.
1214 3363 1257 3417 64
1274 3392 1307 3404 -

264 3447 446 3586 εἰνηιᾶἱαιόνὲἱ]
470 3464 521 3585 {ng
543 3446 579 3502 alr
602 3448 653 3520 123.
670 3446 760 3514 XV1.,
785 3461 899 3518 qnorum
921 3448 1087 3519 optimorum
1107 3448 1183 3502 solus
1205 3456 1248 3503 est
1266 3447 1304 3504 13.

265 3551 330 3589 v.a
354 3571 386 3586 ..
445 3571 453 3599 ,
523 3573 530 3588 .

350 3615 518 3672 cxxxvii
554 3617 614 3672 sss.
650 3621 702 3688 qut
718 3620 775 3688 sn]
793 3621 859 3688 qun
876 3620 917 3672 ra
934 3616 984 3689 ng.
998 3601 1024 3673 i.
1038 3619 1063 3671 r.
1076 3616 1102 3673 o.
1121 3617 1161 3672 ra
1176 3628 1249 3672 eon.
1266 3616 1306 3672 nc

265 3702 309 3758 36.
321 3734 356 3744 -·
376 3703 501 3770 attinet]
519 3702 637 3757 adtinet
652 3702 704 3774 ις.
720 3703 761 3758 76.
777 3703 818 3757 73.
834 3702 879 3757 bic
894 3711 922 3757 et
939 3703 1129 3775 adotptenda.
1147 3732 1182 3742 —
1199 3701 1306 3770 omnes]

264 3788 354 3842 nuilus
376 3786 421 3841 bic
442 3786 511 3841 liber
535 3790 641 3841 omnis.
657 3814 694 3827 -
723 3788 918 3860 descriptam]
941 3792 1087 3860 scriptam
1109 3787 1248 3859 123.ss
1269 3786 1306 3842 13.

265 3874 300 3928 37
317 3890 387 3926 corr.
409 3870 451 3926 36.
479 3870 575 3926 (16.3.
602 3903 633 3913 -
667 3875 862 3945 apparatum]
887 3872 992 3945 adpar.
1016 3872 1067 3943 lag.
1087 3872 1128 3927 76.
1147 3871 1189 3927 73.
1206 3899 1242 3912 -
1266 3869 1310 3925 oei

265 3958 343 4029 errore]
361 3956 433 4009 celle
451 3955 540 4010 (16.3.
561 3955 610 4026 ing.
624 3957 649 4011 6.
665 3955 690 4010 3.
709 3957 735 4008 4.
747 3944 778 4010 ’6.
799 3957 838 4010 13.
856 3956 898 4012 31.
918 3957 960 4012 36.
981 3955 1024 4012 66.
1040 3985 1077 3998 -
1100 3955 1180 4010 unde
1197 3956 1305 4024 ditono]

264 4043 305 4094 sic
328 4040 378 4109 Lg.
398 4039 422 4093 2.
448 4039 474 4093 4.
500 4039 531 4094 13
549 4056 621 4093 corr.
644 4040 687 4095 36.
709 4039 752 4093 66.
779 4040 818 4093 ito
839 4044 910 4095 coir.
928 4040 954 4096 3.
995 4041 1079 4099 Quod
1099 4041 1206 4112 pimeni
1230 4040 1306 4102 codd.

267 4124 353 4178 dicas
378 4120 523 4188 exhibent,
548 4123 644 4177 micum
667 4141 735 4188 non
748 4132 806 4187 est3
830 4124 893 4197 oed-
903 4125 932 4181 id
953 4144 971 4181 o
989 4142 1044 4181 non
1062 4125 1144 4182 nullis
1161 4123 1307 4184 editoribus
