2968 4596
258 367 319 419 rut
634 338 922 415 PRAEFATIO„

258 541 359 591 annos
395 516 535 612 quinque
572 514 709 590 maxime
751 513 847 590 animi
884 526 919 583 et
955 514 1102 606 corporis
1136 512 1303 585 reficiendi

261 693 362 741 causa
386 667 510 738 ltaliam
536 666 679 741 invisere
706 666 918 760 statuissem,
946 689 987 736 ne
1014 665 1107 764 plane
1131 664 1307 740 divellerer

262 817 479 913 aspectamle
499 818 644 890 locorum
670 818 863 888 amoenitate
888 817 1140 911 contemplandis
1166 818 1246 888 artis
1273 829 1307 888 et

241 969 463 1066 ,antiquitatis
496 969 711 1040 monumentis
746 938 982 1064 cognoscendis
1015 968 1177 1039 bominum
1211 968 1306 1042 mori·

265 1119 350 1214 bus,
378 1120 458 1191 satis
482 1143 557 1191 esse
586 1118 761 1220 ducebam,
790 1120 819 1189 si
844 1119 977 1191 modicis
1002 1119 1095 1191 Bruti
1119 1117 1307 1192 emendandi

210 1344 212 1352 ,
266 1270 421 1348 subsidiis
448 1271 627 1342 instructus
649 1282 865 1347 reverterem.
920 1268 987 1344 Sed
1009 1293 1082 1343 cum
1102 1271 1223 1367 insigni
1244 1269 1308 1344 viri

263 1423 454 1500 nobilissimi
472 1400 515 1497 li.
537 1421 577 1493 B.
606 1422 645 1493 ob
661 1421 863 1511 Altenstein‚
892 1423 947 1517 qui
965 1420 1128 1516 regendae
1151 1423 1185 1495 in
1204 1444 1308 1516 reguo

265 1572 420 1651 Prussiae
444 1542 648 1651 institutione
674 1573 821 1669 publicae
840 1574 1013 1649 universae
1036 1587 1202 1669 praeerat,
1228 1571 1309 1646 libo·

266 1725 393 1804 relitate
433 1726 479 1801 ita
512 1725 706 1816 adiuvarcr,
751 1738 789 1797 ut
824 1738 954 1818 sperato
994 1724 1116 1797 diutius
1152 1726 1186 1795 in
1219 1724 1311 1795 ltalia

267 1899 398 1954 monere
416 1877 544 1968 liceret,
570 1891 742 1971 apparatu,
767 1900 863 1990 quem
885 1877 937 1952 vir
960 1876 1074 1954 doctus
1094 1876 1310 1972 Hieronymus

266 2025 524 2121 Lagomarsinus
557 2027 598 2099 ad
628 2025 819 2101 Ciceronem
853 2027 1085 2102 emendandum
1118 2030 1310 2123 collegerat,

266 2175 379 2250 utendi
415 2201 490 2271 spes
526 2179 660 2251 affulsit.
696 2148 951 2269 ‘Asservantur
985 2182 1070 2251 euim
1105 2182 1137 2252 in
1173 2181 1311 2274 collegio

169 2342 171 2346 “
268 2326 412 2400 Romano
454 2326 492 2404 S.
529 2328 559 2400 l.
603 2331 782 2423 scripturae
826 2329 1046 2424 discrepantes
1081 2330 1311 2424 Lagomarsini

269 2501 366 2550 manu
406 2502 450 2550 ex
485 2479 557 2573 plus
574 2486 576 2491 ’
596 2482 812 2576 septingentis
848 2480 1016 2555 Ciceronis
1052 2481 1219 2553 codicibus
1255 2506 1312 2553 exe

268 2643 401 2723 oerptae
442 2631 475 2701 in
510 2630 717 2729 ordinemque
752 2630 927 2704 redactaer
973 2657 1053 2728 quas
1093 2633 1178 2728 quod
1209 2647 1312 2713 trans·

269 2780 413 2851 scribere
438 2795 471 2850 et
492 2785 573 2853 meis
596 2783 709 2856 usibus
736 2782 977 2863 accommodare
1001 2784 1223 2868 licueriteius
1238 2784 1313 2855 ‘col-

268 2896 349 3024 legii
372 2930 609 3024 praefectorum
644 2949 678 3006 et
703 2936 840 3009 maxime
864 2933 1098 3006 bibliothecarii
1125 2933 1163 3006 Ρ.
1189 2933 1314 3007 Marcbi

270 3080 459 3163 humanitati
491 3099 659 3179 acceptum
694 3086 817 3156 relero.
874 3084 999 3177 Quibus
1032 3085 1144 3181 opibus
1173 3090 1313 3182 cognitis

271 3235 379 3312 statim
401 3232 547 3306 firmatus
572 3236 705 3327 consilio
730 3238 870 3309 animum
896 3237 935 3309 ad
960 3237 1175 3315 emendandos
1199 3253 1233 3312 et
1258 3265 1315 3315 eu-

270 3384 436 3488 plleandos
464 3384 502 3456 de
531 3383 668 3462 Oratore
698 3386 799 3459 libros
824 3392 995 3476 revocavi.
1049 3390 1085 3461 lu
1113 3390 1317 3464 Germaniam

270 3539 371 3632 igitur
402 3560 558 3609 reversus
592 3538 687 3632 paulo
719 3539 793 3635 plus
828 3556 966 3636 quatuor
999 3565 1100 3613 annos
1132 3542 1220 3616 libris
1254 3545 1317 3616 illis

272 3687 450 3767 secuudum
485 3690 626 3782 scriptos
660 3690 789 3762 codices
825 3691 1031 3769 emendandis
1062 3694 1317 3792 colligendisque
1439 3722 1447 3729 “

272 3855 306 3917 et
328 3837 534 3935 disponendis
562 3842 665 3934 copiis
691 3843 860 3937 interpreti
887 3845 996 3919 loturo
1023 3850 1217 3919 necessariis
1243 3873 1318 3920 coo·

272 3992 422 4085 sumpsi3
471 3992 564 4066 cuius
602 3990 722 4070 laboris
765 3996 904 4075 lruclutu
949 4021 1033 4076 uuno
1077 3998 1195 4096 publici
1238 4001 1319 4075 iuris
1366 3984 1371 4004 ⁸

234 4208 237 4214 .
250 4142 369 4221 dacio.
