<?xml version="1.0" encoding="UTF-8"?>
<!DOCTYPE html PUBLIC "-//W3C//DTD XHTML 1.0 Transitional//EN"
    "http://www.w3.org/TR/xhtml1/DTD/xhtml1-transitional.dtd">
<html xmlns="http://www.w3.org/1999/xhtml" xml:lang="en" lang="en">
 <head>
  <title>
</title>
<meta http-equiv="Content-Type" content="text/html;charset=utf-8" />
  <meta name='ocr-system' content='tesseract 3.04.00' />
  <meta name='ocr-capabilities' content='ocr_page ocr_carea ocr_par ocr_line ocrx_word'/>
</head>
<body>
  <div class='ocr_page' id='page_1' title='image "./mtulliciceronis00ellegoog/mtulliciceronis00ellegoog_0503.png"; bbox 0 0 2942 4608; ppageno 0'>
   <div class='ocr_carea' id='block_1_1' title="bbox 281 331 920 410">
    <p class='ocr_par' dir='ltr' id='par_1_1' title="bbox 281 331 920 410">
     <span class='ocr_line' id='line_1_1' title="bbox 281 331 920 410; baseline -0.017 0"><span class='ocrx_word' id='word_1_1' title='bbox 281 339 373 410; x_wconf 63' lang='lat' dir='ltr'>m</span> <span class='ocrx_word' id='word_1_2' title='bbox 613 338 617 342; x_wconf 82' lang='grc'><strong><em>’</em></strong></span> <span class='ocrx_word' id='word_1_3' title='bbox 662 331 920 402; x_wconf 75' lang='lat' dir='ltr'>CICERONIS</span> 
     </span>
    </p>
   </div>
   <div class='ocr_carea' id='block_1_2' title="bbox 247 501 1366 2590">
    <p class='ocr_par' dir='ltr' id='par_1_2' title="bbox 247 501 1366 2590">
     <span class='ocr_line' id='line_1_2' title="bbox 257 501 1339 593; baseline -0.002 -22"><span class='ocrx_word' id='word_1_4' title='bbox 257 578 261 584; x_wconf 57' lang='grc'>,</span> <span class='ocrx_word' id='word_1_5' title='bbox 283 505 380 586; x_wconf 83' lang='lat' dir='ltr'>[luit]‚</span> <span class='ocrx_word' id='word_1_6' title='bbox 402 507 441 583; x_wconf 88' lang='lat' dir='ltr'>is,</span> <span class='ocrx_word' id='word_1_7' title='bbox 463 503 517 591; x_wconf 92' lang='lat' dir='ltr'>qui</span> <span class='ocrx_word' id='word_1_8' title='bbox 538 502 674 572; x_wconf 68' lang='lat' dir='ltr'>omniun</span> <span class='ocrx_word' id='word_1_9' title='bbox 695 502 885 593; x_wconf 67' lang='lat' dir='ltr'>ennianum</span> <span class='ocrx_word' id='word_1_10' title='bbox 903 501 1082 570; x_wconf 86' lang='lat' dir='ltr'>testimonio</span> <span class='ocrx_word' id='word_1_11' title='bbox 1102 503 1260 590; x_wconf 87' lang='lat' dir='ltr'>totiusque</span> <span class='ocrx_word' id='word_1_12' title='bbox 1281 504 1339 570; x_wconf 86' lang='lat' dir='ltr'>iu-</span> 
     </span>
     <span class='ocr_line' id='line_1_3' title="bbox 284 619 1338 707; baseline -0.006 -13"><span class='ocrx_word' id='word_1_13' title='bbox 284 623 367 694; x_wconf 86' lang='lat' dir='ltr'>dicio</span> <span class='ocrx_word' id='word_1_14' title='bbox 395 621 551 691; x_wconf 78' lang='lat' dir='ltr'>Graeciae</span> <span class='ocrx_word' id='word_1_15' title='bbox 582 641 652 689; x_wconf 87' lang='lat' dir='ltr'>cunr</span> <span class='ocrx_word' id='word_1_16' title='bbox 680 619 845 707; x_wconf 87' lang='lat' dir='ltr'>prudentia</span> <span class='ocrx_word' id='word_1_17' title='bbox 874 629 907 685; x_wconf 87' lang='lat' dir='ltr'>ct</span> <span class='ocrx_word' id='word_1_18' title='bbox 932 621 1075 686; x_wconf 86' lang='lat' dir='ltr'>acumine</span> <span class='ocrx_word' id='word_1_19' title='bbox 1108 630 1140 686; x_wconf 89' lang='lat' dir='ltr'>et</span> <span class='ocrx_word' id='word_1_20' title='bbox 1165 631 1338 688; x_wconf 84' lang='lat' dir='ltr'>venustate</span> 
     </span>
     <span class='ocr_line' id='line_1_4' title="bbox 247 737 1339 824; baseline -0.004 -15"><span class='ocrx_word' id='word_1_21' title='bbox 247 761 250 766; x_wconf 86' lang='lat'>·</span> <span class='ocrx_word' id='word_1_22' title='bbox 284 751 316 809; x_wconf 82' lang='lat' dir='ltr'>ot</span> <span class='ocrx_word' id='word_1_23' title='bbox 337 740 523 817; x_wconf 87' lang='lat' dir='ltr'>subtilitate,</span> <span class='ocrx_word' id='word_1_24' title='bbox 544 750 704 805; x_wconf 82' lang='lat' dir='ltr'>tumuere</span> <span class='ocrx_word' id='word_1_25' title='bbox 727 737 908 824; x_wconf 74' lang='lat' dir='ltr'>eloquentia</span> <span class='ocrx_word' id='word_1_26' title='bbox 927 738 1080 804; x_wconf 82' lang='lat' dir='ltr'>varietate</span> <span class='ocrx_word' id='word_1_27' title='bbox 1103 739 1211 824; x_wconf 85' lang='lat' dir='ltr'>copia,</span> <span class='ocrx_word' id='word_1_28' title='bbox 1237 759 1339 824; x_wconf 79' lang='lat' dir='ltr'>quant</span> 
     </span>
     <span class='ocr_line' id='line_1_5' title="bbox 284 854 1337 945; baseline -0.004 -20"><span class='ocrx_word' id='word_1_29' title='bbox 284 877 321 925; x_wconf 85' lang='lat' dir='ltr'>se</span> <span class='ocrx_word' id='word_1_30' title='bbox 347 878 469 945; x_wconf 86' lang='lat' dir='ltr'>cunque</span> <span class='ocrx_word' id='word_1_31' title='bbox 496 858 529 927; x_wconf 88' lang='lat' dir='ltr'>in</span> <span class='ocrx_word' id='word_1_32' title='bbox 553 865 672 943; x_wconf 85' lang='lat' dir='ltr'>partem</span> <span class='ocrx_word' id='word_1_33' title='bbox 697 854 851 932; x_wconf 85' lang='lat' dir='ltr'>dedisset,</span> <span class='ocrx_word' id='word_1_34' title='bbox 878 855 1015 922; x_wconf 89' lang='lat' dir='ltr'>omniurn</span> <span class='ocrx_word' id='word_1_35' title='bbox 1040 854 1098 920; x_wconf 85' lang='lat' dir='ltr'>luit</span> <span class='ocrx_word' id='word_1_36' title='bbox 1124 854 1221 921; x_wconf 82' lang='lat' dir='ltr'>facile</span> <span class='ocrx_word' id='word_1_37' title='bbox 1246 857 1337 942; x_wconf 86' lang='lat' dir='ltr'>prin-</span> 
     </span>
     <span class='ocr_line' id='line_1_6' title="bbox 284 970 1337 1063; baseline -0.002 -21"><span class='ocrx_word' id='word_1_38' title='bbox 284 994 369 1063; x_wconf 88' lang='lat' dir='ltr'>ceps,</span> <span class='ocrx_word' id='word_1_39' title='bbox 391 977 448 1053; x_wconf 88' lang='lat' dir='ltr'>iis,</span> <span class='ocrx_word' id='word_1_40' title='bbox 471 977 524 1061; x_wconf 90' lang='lat' dir='ltr'>qui</span> <span class='ocrx_word' id='word_1_41' title='bbox 545 974 641 1052; x_wconf 85' lang='lat' dir='ltr'>haec,</span> <span class='ocrx_word' id='word_1_42' title='bbox 663 992 744 1060; x_wconf 86' lang='lat' dir='ltr'>quse</span> <span class='ocrx_word' id='word_1_43' title='bbox 765 988 848 1039; x_wconf 89' lang='lat' dir='ltr'>nunc</span> <span class='ocrx_word' id='word_1_44' title='bbox 869 990 928 1038; x_wconf 90' lang='lat' dir='ltr'>nos</span> <span class='ocrx_word' id='word_1_45' title='bbox 947 970 1140 1057; x_wconf 87' lang='lat' dir='ltr'>quaerimus,</span> <span class='ocrx_word' id='word_1_46' title='bbox 1160 982 1337 1040; x_wconf 75' lang='lat' dir='ltr'>tractarent</span> 
     </span>
     <span class='ocr_line' id='line_1_7' title="bbox 286 1087 1337 1187; baseline -0.003 -26"><span class='ocrx_word' id='word_1_47' title='bbox 286 1102 418 1177; x_wconf 69' lang='lat' dir='ltr'>agerem</span> <span class='ocrx_word' id='word_1_48' title='bbox 442 1092 610 1169; x_wconf 65' lang='lat' dir='ltr'>imunt,</span> <span class='ocrx_word' id='word_1_49' title='bbox 637 1110 707 1158; x_wconf 86' lang='lat' dir='ltr'>eum</span> <span class='ocrx_word' id='word_1_50' title='bbox 731 1090 857 1158; x_wconf 87' lang='lat' dir='ltr'>nomine</span> <span class='ocrx_word' id='word_1_51' title='bbox 886 1087 1119 1187; x_wconf 82' lang='lat' dir='ltr'>appellarentur</span> <span class='ocrx_word' id='word_1_52' title='bbox 1143 1108 1221 1167; x_wconf 88' lang='lat' dir='ltr'>uno,</span> <span class='ocrx_word' id='word_1_53' title='bbox 1248 1090 1337 1175; x_wconf 89' lang='lat' dir='ltr'>quod</span> 
     </span>
     <span class='ocr_line' id='line_1_8' title="bbox 286 1207 1335 1297; baseline -0.003 -20"><span class='ocrx_word' id='word_1_54' title='bbox 286 1211 388 1277; x_wconf 87' lang='lat' dir='ltr'>omnis</span> <span class='ocrx_word' id='word_1_55' title='bbox 409 1230 513 1280; x_wconf 80' lang='lat' dir='ltr'>rerum</span> <span class='ocrx_word' id='word_1_56' title='bbox 534 1210 718 1297; x_wconf 84' lang='lat' dir='ltr'>optimarum</span> <span class='ocrx_word' id='word_1_57' title='bbox 743 1208 883 1292; x_wconf 76' lang='lat' dir='ltr'>cognitio</span> <span class='ocrx_word' id='word_1_58' title='bbox 911 1216 1003 1292; x_wconf 86' lang='lat' dir='ltr'>atque</span> <span class='ocrx_word' id='word_1_59' title='bbox 1030 1208 1064 1272; x_wconf 92' lang='lat' dir='ltr'>in</span> <span class='ocrx_word' id='word_1_60' title='bbox 1085 1207 1126 1272; x_wconf 88' lang='lat' dir='ltr'>iis</span> <span class='ocrx_word' id='word_1_61' title='bbox 1148 1208 1335 1274; x_wconf 81' lang='lat' dir='ltr'>exercitatio</span> 
     </span>
     <span class='ocr_line' id='line_1_9' title="bbox 281 1322 1336 1411; baseline -0.003 -19"><span class='ocrx_word' id='word_1_62' title='bbox 281 1329 487 1411; x_wconf 72' lang='lat' dir='ltr'>pattoseplriu</span> <span class='ocrx_word' id='word_1_63' title='bbox 516 1327 745 1402; x_wconf 83' lang='lat' dir='ltr'>nominaretur,</span> <span class='ocrx_word' id='word_1_64' title='bbox 781 1322 843 1393; x_wconf 83' lang='lat' dir='ltr'>ltoo</span> <span class='ocrx_word' id='word_1_65' title='bbox 878 1343 1040 1392; x_wconf 89' lang='lat' dir='ltr'>commune</span> <span class='ocrx_word' id='word_1_66' title='bbox 1073 1343 1187 1391; x_wconf 86' lang='lat' dir='ltr'>nomon</span> <span class='ocrx_word' id='word_1_67' title='bbox 1221 1326 1336 1411; x_wconf 90' lang='lat' dir='ltr'>eripuit</span> 
     </span>
     <span class='ocr_line' id='line_1_10' title="bbox 286 1441 1335 1533; baseline 0 -23"><span class='ocrx_word' id='word_1_68' title='bbox 286 1446 506 1531; x_wconf 67' lang='lat' dir='ltr'>sapienterque</span> <span class='ocrx_word' id='word_1_69' title='bbox 529 1442 684 1512; x_wconf 87' lang='lat' dir='ltr'>sentiendi</span> <span class='ocrx_word' id='word_1_70' title='bbox 705 1451 736 1508; x_wconf 91' lang='lat' dir='ltr'>et</span> <span class='ocrx_word' id='word_1_71' title='bbox 757 1450 867 1510; x_wconf 84' lang='lat' dir='ltr'>ornate</span> <span class='ocrx_word' id='word_1_72' title='bbox 889 1441 1014 1533; x_wconf 84' lang='lat' dir='ltr'>dicendi</span> <span class='ocrx_word' id='word_1_73' title='bbox 1036 1443 1200 1510; x_wconf 85' lang='lat' dir='ltr'>scientiam</span> <span class='ocrx_word' id='word_1_74' title='bbox 1215 1461 1335 1527; x_wconf 52' lang='lat' dir='ltr'>mun&lt;</span> 
     </span>
     <span class='ocr_line' id='line_1_11' title="bbox 286 1559 1334 1653; baseline -0.002 -27"><span class='ocrx_word' id='word_1_75' title='bbox 286 1559 453 1653; x_wconf 63' lang='lat' dir='ltr'>maerentes</span> <span class='ocrx_word' id='word_1_76' title='bbox 481 1560 742 1648; x_wconf 77' lang='lat' dir='ltr'>disputationibus</span> <span class='ocrx_word' id='word_1_77' title='bbox 767 1562 834 1627; x_wconf 87' lang='lat' dir='ltr'>suis</span> <span class='ocrx_word' id='word_1_78' title='bbox 857 1561 1032 1647; x_wconf 58' lang='lat' dir='ltr'>separavjtp</span> <span class='ocrx_word' id='word_1_79' title='bbox 1059 1560 1148 1628; x_wconf 88' lang='lat' dir='ltr'>cuius</span> <span class='ocrx_word' id='word_1_80' title='bbox 1173 1561 1334 1643; x_wconf 80' lang='lat' dir='ltr'>ingenium</span> 
     </span>
     <span class='ocr_line' id='line_1_12' title="bbox 286 1675 1335 1765; baseline -0.004 -20"><span class='ocrx_word' id='word_1_81' title='bbox 286 1679 456 1765; x_wconf 85' lang='lat' dir='ltr'>variosque</span> <span class='ocrx_word' id='word_1_82' title='bbox 481 1697 645 1748; x_wconf 87' lang='lat' dir='ltr'>sermones</span> <span class='ocrx_word' id='word_1_83' title='bbox 666 1676 891 1748; x_wconf 86' lang='lat' dir='ltr'>immortalitati</span> <span class='ocrx_word' id='word_1_84' title='bbox 918 1677 1044 1764; x_wconf 88' lang='lat' dir='ltr'>scriptis</span> <span class='ocrx_word' id='word_1_85' title='bbox 1068 1678 1134 1744; x_wconf 84' lang='lat' dir='ltr'>suis</span> <span class='ocrx_word' id='word_1_86' title='bbox 1155 1675 1246 1743; x_wconf 86' lang='lat' dir='ltr'>Plato</span> <span class='ocrx_word' id='word_1_87' title='bbox 1267 1686 1335 1742; x_wconf 83' lang='lat' dir='ltr'>tra-</span> 
     </span>
     <span class='ocr_line' id='line_1_13' title="bbox 287 1791 1332 1882; baseline -0.001 -19"><span class='ocrx_word' id='word_1_88' title='bbox 287 1795 385 1875; x_wconf 84' lang='lat' dir='ltr'>didit,</span> <span class='ocrx_word' id='word_1_89' title='bbox 425 1816 495 1867; x_wconf 80' lang='lat' dir='ltr'>cun</span> <span class='ocrx_word' id='word_1_90' title='bbox 531 1797 599 1882; x_wconf 86' lang='lat' dir='ltr'>ipse</span> <span class='ocrx_word' id='word_1_91' title='bbox 635 1794 760 1865; x_wconf 86' lang='lat' dir='ltr'>literam</span> <span class='ocrx_word' id='word_1_92' title='bbox 798 1791 950 1862; x_wconf 87' lang='lat' dir='ltr'>Socrates</span> <span class='ocrx_word' id='word_1_93' title='bbox 986 1793 1107 1862; x_wconf 87' lang='lat' dir='ltr'>nullan</span> <span class='ocrx_word' id='word_1_94' title='bbox 1142 1793 1332 1879; x_wconf 87' lang='lat' dir='ltr'>reliquisset.</span> 
     </span>
     <span class='ocr_line' id='line_1_14' title="bbox 286 1910 1332 1999; baseline 0 -20"><span class='ocrx_word' id='word_1_95' title='bbox 286 1912 339 1979; x_wconf 83' lang='lat' dir='ltr'>til.</span> <span class='ocrx_word' id='word_1_96' title='bbox 377 1911 458 1983; x_wconf 90' lang='lat' dir='ltr'>llinc</span> <span class='ocrx_word' id='word_1_97' title='bbox 490 1910 656 1983; x_wconf 86' lang='lat' dir='ltr'>discidium</span> <span class='ocrx_word' id='word_1_98' title='bbox 691 1911 771 1981; x_wconf 87' lang='lat' dir='ltr'>illud</span> <span class='ocrx_word' id='word_1_99' title='bbox 803 1913 919 1982; x_wconf 81' lang='lat' dir='ltr'>exstitit</span> <span class='ocrx_word' id='word_1_100' title='bbox 955 1913 1047 1997; x_wconf 88' lang='lat' dir='ltr'>quasi</span> <span class='ocrx_word' id='word_1_101' title='bbox 1077 1911 1206 1995; x_wconf 82' lang='lat' dir='ltr'>liuguae</span> <span class='ocrx_word' id='word_1_102' title='bbox 1241 1922 1332 1999; x_wconf 86' lang='lat' dir='ltr'>atque</span> 
     </span>
     <span class='ocr_line' id='line_1_15' title="bbox 287 2027 1334 2115; baseline -0.005 -18"><span class='ocrx_word' id='word_1_103' title='bbox 287 2028 394 2097; x_wconf 86' lang='lat' dir='ltr'>cordis</span> <span class='ocrx_word' id='word_1_104' title='bbox 421 2028 591 2099; x_wconf 86' lang='lat' dir='ltr'>absurdum</span> <span class='ocrx_word' id='word_1_105' title='bbox 617 2048 694 2095; x_wconf 89' lang='lat' dir='ltr'>sane</span> <span class='ocrx_word' id='word_1_106' title='bbox 721 2037 753 2092; x_wconf 87' lang='lat' dir='ltr'>et</span> <span class='ocrx_word' id='word_1_107' title='bbox 777 2027 886 2095; x_wconf 89' lang='lat' dir='ltr'>inutile</span> <span class='ocrx_word' id='word_1_108' title='bbox 914 2038 945 2094; x_wconf 89' lang='lat' dir='ltr'>et</span> <span class='ocrx_word' id='word_1_109' title='bbox 969 2027 1274 2115; x_wconf 49' lang='lat' dir='ltr'>&amp;mmmmm</span> <span class='ocrx_word' id='word_1_110' title='bbox 1300 2040 1334 2098; x_wconf 89' lang='lat' dir='ltr'>ut</span> 
     </span>
     <span class='ocr_line' id='line_1_16' title="bbox 289 2143 1334 2232; baseline -0.002 -18"><span class='ocrx_word' id='word_1_111' title='bbox 289 2143 346 2214; x_wconf 77' lang='lat' dir='ltr'>ulii</span> <span class='ocrx_word' id='word_1_112' title='bbox 371 2165 431 2213; x_wconf 85' lang='lat' dir='ltr'>uos</span> <span class='ocrx_word' id='word_1_113' title='bbox 457 2164 586 2232; x_wconf 83' lang='lat' dir='ltr'>sapere,</span> <span class='ocrx_word' id='word_1_114' title='bbox 613 2144 671 2213; x_wconf 86' lang='lat' dir='ltr'>alii</span> <span class='ocrx_word' id='word_1_115' title='bbox 698 2143 804 2213; x_wconf 88' lang='lat' dir='ltr'>dicere</span> <span class='ocrx_word' id='word_1_116' title='bbox 830 2145 988 2214; x_wconf 88' lang='lat' dir='ltr'>docerent.</span> <span class='ocrx_word' id='word_1_117' title='bbox 1031 2143 1111 2213; x_wconf 87' lang='lat' dir='ltr'>Nem</span> <span class='ocrx_word' id='word_1_118' title='bbox 1136 2165 1205 2214; x_wconf 87' lang='lat' dir='ltr'>uun</span> <span class='ocrx_word' id='word_1_119' title='bbox 1227 2156 1334 2213; x_wconf 89' lang='lat' dir='ltr'>essent</span> 
     </span>
     <span class='ocr_line' id='line_1_17' title="bbox 286 2259 1333 2355; baseline 0.003 -28"><span class='ocrx_word' id='word_1_120' title='bbox 286 2260 392 2350; x_wconf 73' lang='lat' dir='ltr'>plurem</span> <span class='ocrx_word' id='word_1_121' title='bbox 421 2264 481 2333; x_wconf 91' lang='lat' dir='ltr'>orti</span> <span class='ocrx_word' id='word_1_122' title='bbox 508 2262 575 2331; x_wconf 86' lang='lat' dir='ltr'>lere</span> <span class='ocrx_word' id='word_1_123' title='bbox 602 2281 624 2331; x_wconf 88' lang='lat' dir='ltr'>a</span> <span class='ocrx_word' id='word_1_124' title='bbox 645 2259 793 2341; x_wconf 87' lang='lat' dir='ltr'>Socrate,</span> <span class='ocrx_word' id='word_1_125' title='bbox 820 2262 903 2349; x_wconf 93' lang='lat' dir='ltr'>quod</span> <span class='ocrx_word' id='word_1_126' title='bbox 930 2283 970 2329; x_wconf 85' lang='lat' dir='ltr'>ox</span> <span class='ocrx_word' id='word_1_127' title='bbox 996 2262 1083 2333; x_wconf 89' lang='lat' dir='ltr'>illius</span> <span class='ocrx_word' id='word_1_128' title='bbox 1103 2265 1261 2353; x_wconf 52' lang='lat' dir='ltr'>tillidi}</span> <span class='ocrx_word' id='word_1_129' title='bbox 1285 2264 1333 2355; x_wconf 85' lang='lat' dir='ltr'>di-</span> 
     </span>
     <span class='ocr_line' id='line_1_18' title="bbox 286 2364 1366 2468; baseline -0.004 -17"><span class='ocrx_word' id='word_1_130' title='bbox 286 2380 389 2451; x_wconf 80' lang='lat' dir='ltr'>versis</span> <span class='ocrx_word' id='word_1_131' title='bbox 415 2389 447 2449; x_wconf 88' lang='lat' dir='ltr'>et</span> <span class='ocrx_word' id='word_1_132' title='bbox 472 2381 506 2451; x_wconf 89' lang='lat' dir='ltr'>in</span> <span class='ocrx_word' id='word_1_133' title='bbox 527 2398 650 2450; x_wconf 88' lang='lat' dir='ltr'>omnem</span> <span class='ocrx_word' id='word_1_134' title='bbox 669 2389 790 2467; x_wconf 79' lang='lat' dir='ltr'>partein</span> <span class='ocrx_word' id='word_1_135' title='bbox 817 2378 939 2455; x_wconf 84' lang='lat' dir='ltr'>diffusis</span> <span class='ocrx_word' id='word_1_136' title='bbox 962 2364 1222 2468; x_wconf 72' lang='lat' dir='ltr'>disputationibus</span> <span class='ocrx_word' id='word_1_137' title='bbox 1250 2382 1332 2453; x_wconf 86' lang='lat' dir='ltr'>alius</span> <span class='ocrx_word' id='word_1_138' title='bbox 1362 2428 1366 2433; x_wconf 82' lang='lat'>-</span> 
     </span>
     <span class='ocr_line' id='line_1_19' title="bbox 289 2493 1331 2590; baseline 0.005 -24"><span class='ocrx_word' id='word_1_139' title='bbox 289 2494 376 2567; x_wconf 88' lang='lat' dir='ltr'>aliud</span> <span class='ocrx_word' id='word_1_140' title='bbox 406 2493 673 2589; x_wconf 81' lang='lat' dir='ltr'>apprehenderat:</span> <span class='ocrx_word' id='word_1_141' title='bbox 706 2499 938 2589; x_wconf 75' lang='lat' dir='ltr'>proseminatae</span> <span class='ocrx_word' id='word_1_142' title='bbox 968 2510 1039 2569; x_wconf 89' lang='lat' dir='ltr'>sunt</span> <span class='ocrx_word' id='word_1_143' title='bbox 1070 2501 1161 2590; x_wconf 90' lang='lat' dir='ltr'>quasi</span> <span class='ocrx_word' id='word_1_144' title='bbox 1191 2499 1331 2570; x_wconf 82' lang='lat' dir='ltr'>familiae</span> 
     </span>
    </p>
   </div>
   <div class='ocr_carea' id='block_1_3' title="bbox 207 2729 1335 4252">
    <p class='ocr_par' dir='ltr' id='par_1_3' title="bbox 207 2729 1335 4252">
     <span class='ocr_line' id='line_1_20' title="bbox 287 2729 1335 2809; baseline 0.004 -24"><span class='ocrx_word' id='word_1_145' title='bbox 287 2729 363 2790; x_wconf 74' lang='lat' dir='ltr'>daec</span> <span class='ocrx_word' id='word_1_146' title='bbox 378 2732 462 2804; x_wconf 83' lang='lat' dir='ltr'>vulgo</span> <span class='ocrx_word' id='word_1_147' title='bbox 480 2740 543 2804; x_wconf 77' lang='lat' dir='ltr'>post</span> <span class='ocrx_word' id='word_1_148' title='bbox 559 2731 672 2797; x_wconf 82' lang='lat' dir='ltr'>Aldutn3</span> <span class='ocrx_word' id='word_1_149' title='bbox 690 2729 753 2801; x_wconf 69' lang='lat' dir='ltr'>fuit</span> <span class='ocrx_word' id='word_1_150' title='bbox 770 2737 814 2797; x_wconf 77' lang='lat' dir='ltr'>ts,</span> <span class='ocrx_word' id='word_1_151' title='bbox 835 2736 887 2808; x_wconf 78' lang='lat' dir='ltr'>qut</span> <span class='ocrx_word' id='word_1_152' title='bbox 899 2762 935 2774; x_wconf 88' lang='lat'>—</span> <span class='ocrx_word' id='word_1_153' title='bbox 949 2737 1096 2809; x_wconf 75' lang='lat' dir='ltr'>princeps.</span> <span class='ocrx_word' id='word_1_154' title='bbox 1132 2733 1192 2789; x_wconf 78' lang='lat' dir='ltr'>He</span> <span class='ocrx_word' id='word_1_155' title='bbox 1209 2738 1262 2799; x_wconf 77' lang='lat' dir='ltr'>its,</span> <span class='ocrx_word' id='word_1_156' title='bbox 1282 2740 1335 2807; x_wconf 77' lang='lat' dir='ltr'>pud</span> 
     </span>
     <span class='ocr_line' id='line_1_21' title="bbox 287 2815 1334 2889; baseline 0.008 -20"><span class='ocrx_word' id='word_1_157' title='bbox 287 2815 362 2876; x_wconf 78' lang='lat' dir='ltr'>deoc</span> <span class='ocrx_word' id='word_1_158' title='bbox 378 2816 473 2874; x_wconf 74' lang='lat' dir='ltr'>Lnrnla</span> <span class='ocrx_word' id='word_1_159' title='bbox 500 2833 580 2889; x_wconf 86' lang='lat' dir='ltr'>quem</span> <span class='ocrx_word' id='word_1_160' title='bbox 601 2818 682 2871; x_wconf 86' lang='lat' dir='ltr'>etlam</span> <span class='ocrx_word' id='word_1_161' title='bbox 701 2816 768 2875; x_wconf 84' lang='lat' dir='ltr'>Ern.</span> <span class='ocrx_word' id='word_1_162' title='bbox 787 2825 814 2871; x_wconf 90' lang='lat' dir='ltr'>et</span> <span class='ocrx_word' id='word_1_163' title='bbox 832 2818 896 2873; x_wconf 84' lang='lat' dir='ltr'>Scir.</span> <span class='ocrx_word' id='word_1_164' title='bbox 918 2828 1082 2887; x_wconf 78' lang='lat' dir='ltr'>sequuntur,</span> <span class='ocrx_word' id='word_1_165' title='bbox 1109 2819 1190 2875; x_wconf 88' lang='lat' dir='ltr'>medo</span> <span class='ocrx_word' id='word_1_166' title='bbox 1213 2820 1334 2889; x_wconf 77' lang='lat' dir='ltr'>quodie</span> 
     </span>
     <span class='ocr_line' id='line_1_22' title="bbox 287 2900 1334 2977; baseline 0.002 -19"><span class='ocrx_word' id='word_1_167' title='bbox 287 2905 458 2973; x_wconf 78' lang='lat' dir='ltr'>scripserunt</span> <span class='ocrx_word' id='word_1_168' title='bbox 479 2917 531 2973; x_wconf 87' lang='lat' dir='ltr'>pro</span> <span class='ocrx_word' id='word_1_169' title='bbox 554 2900 613 2956; x_wconf 77' lang='lat' dir='ltr'>dte.</span> <span class='ocrx_word' id='word_1_170' title='bbox 650 2901 707 2958; x_wconf 85' lang='lat' dir='ltr'>Sed</span> <span class='ocrx_word' id='word_1_171' title='bbox 724 2919 767 2960; x_wconf 86' lang='lat' dir='ltr'>me</span> <span class='ocrx_word' id='word_1_172' title='bbox 787 2902 933 2960; x_wconf 84' lang='lat' dir='ltr'>conttrrhat</span> <span class='ocrx_word' id='word_1_173' title='bbox 954 2903 1035 2970; x_wconf 86' lang='lat' dir='ltr'>illud,</span> <span class='ocrx_word' id='word_1_174' title='bbox 1058 2904 1132 2972; x_wconf 89' lang='lat' dir='ltr'>quod</span> <span class='ocrx_word' id='word_1_175' title='bbox 1155 2903 1253 2977; x_wconf 82' lang='lat' dir='ltr'>legitur</span> <span class='ocrx_word' id='word_1_176' title='bbox 1269 2904 1334 2973; x_wconf 74' lang='lat' dir='ltr'>fult</span> 
     </span>
     <span class='ocr_line' id='line_1_23' title="bbox 285 2974 1334 3061; baseline 0.005 -22"><span class='ocrx_word' id='word_1_177' title='bbox 285 2985 380 3055; x_wconf 78' lang='lat' dir='ltr'>focile</span> <span class='ocrx_word' id='word_1_178' title='bbox 391 2989 550 3061; x_wconf 61' lang='lat' dir='ltr'>princeps,</span> <span class='ocrx_word' id='word_1_179' title='bbox 569 2985 643 3054; x_wconf 87' lang='lat' dir='ltr'>quod</span> <span class='ocrx_word' id='word_1_180' title='bbox 661 2995 708 3039; x_wconf 85' lang='lat' dir='ltr'>aut</span> <span class='ocrx_word' id='word_1_181' title='bbox 725 2994 802 3048; x_wconf 74' lang='lat' dir='ltr'>esset</span> <span class='ocrx_word' id='word_1_182' title='bbox 819 2995 866 3044; x_wconf 80' lang='lat' dir='ltr'>erut</span> <span class='ocrx_word' id='word_1_183' title='bbox 880 2974 991 3056; x_wconf 77' lang='lat' dir='ltr'>sulss&#39;et</span> <span class='ocrx_word' id='word_1_184' title='bbox 1008 2988 1153 3047; x_wconf 85' lang='lat' dir='ltr'>dicendum</span> <span class='ocrx_word' id='word_1_185' title='bbox 1171 2998 1238 3046; x_wconf 82' lang='lat' dir='ltr'>erat.</span> <span class='ocrx_word' id='word_1_186' title='bbox 1274 2990 1334 3044; x_wconf 67' lang='lat' dir='ltr'>un:</span> 
     </span>
     <span class='ocr_line' id='line_1_24' title="bbox 287 3069 1334 3146; baseline 0.008 -22"><span class='ocrx_word' id='word_1_187' title='bbox 287 3070 355 3126; x_wconf 83' lang='lat' dir='ltr'>ulnis</span> <span class='ocrx_word' id='word_1_188' title='bbox 378 3071 461 3141; x_wconf 80' lang='lat' dir='ltr'>igitur</span> <span class='ocrx_word' id='word_1_189' title='bbox 486 3069 583 3127; x_wconf 85' lang='lat' dir='ltr'>inclusi</span> <span class='ocrx_word' id='word_1_190' title='bbox 607 3070 683 3140; x_wconf 81' lang='lat' dir='ltr'>priua</span> <span class='ocrx_word' id='word_1_191' title='bbox 707 3071 775 3128; x_wconf 88' lang='lat' dir='ltr'>illud</span> <span class='ocrx_word' id='word_1_192' title='bbox 795 3071 873 3146; x_wconf 70' lang='lat' dir='ltr'>ficit,</span> <span class='ocrx_word' id='word_1_193' title='bbox 906 3072 979 3141; x_wconf 90' lang='lat' dir='ltr'>quod</span> <span class='ocrx_word' id='word_1_194' title='bbox 1003 3071 1102 3144; x_wconf 81' lang='lat' dir='ltr'>legitur</span> <span class='ocrx_word' id='word_1_195' title='bbox 1126 3083 1189 3146; x_wconf 88' lang='lat' dir='ltr'>post</span> <span class='ocrx_word' id='word_1_196' title='bbox 1211 3076 1334 3132; x_wconf 79' lang='lat' dir='ltr'>Sacratis</span> 
     </span>
     <span class='ocr_line' id='line_1_25' title="bbox 287 3155 1333 3230; baseline 0.002 -17"><span class='ocrx_word' id='word_1_197' title='bbox 287 3171 403 3227; x_wconf 75' lang='lat' dir='ltr'>aeman,</span> <span class='ocrx_word' id='word_1_198' title='bbox 428 3164 456 3209; x_wconf 90' lang='lat' dir='ltr'>et</span> <span class='ocrx_word' id='word_1_199' title='bbox 472 3156 634 3213; x_wconf 82' lang='lat' dir='ltr'>sententiam</span> <span class='ocrx_word' id='word_1_200' title='bbox 651 3155 732 3213; x_wconf 84' lang='lat' dir='ltr'>aliter</span> <span class='ocrx_word' id='word_1_201' title='bbox 749 3156 939 3230; x_wconf 81' lang='lat' dir='ltr'>distinguendo</span> <span class='ocrx_word' id='word_1_202' title='bbox 957 3157 1145 3216; x_wconf 82' lang='lat' dir='ltr'>decurrentem</span> <span class='ocrx_word' id='word_1_203' title='bbox 1163 3176 1218 3217; x_wconf 86' lang='lat' dir='ltr'>uuo</span> <span class='ocrx_word' id='word_1_204' title='bbox 1237 3169 1333 3218; x_wconf 85' lang='lat' dir='ltr'>tenore</span> 
     </span>
     <span class='ocr_line' id='line_1_26' title="bbox 288 3238 1333 3318; baseline 0.006 -25"><span class='ocrx_word' id='word_1_205' title='bbox 288 3241 432 3295; x_wconf 87' lang='lat' dir='ltr'>constitui:</span> <span class='ocrx_word' id='word_1_206' title='bbox 467 3239 599 3306; x_wconf 79' lang='lat' dir='ltr'>Quorum</span> <span class='ocrx_word' id='word_1_207' title='bbox 617 3243 760 3317; x_wconf 63' lang='lat' dir='ltr'>princeps</span> <span class='ocrx_word' id='word_1_208' title='bbox 786 3238 941 3307; x_wconf 79' lang='lat' dir='ltr'>Socrates,</span> <span class='ocrx_word' id='word_1_209' title='bbox 971 3245 1012 3307; x_wconf 78' lang='lat' dir='ltr'>is,</span> <span class='ocrx_word' id='word_1_210' title='bbox 1037 3248 1088 3318; x_wconf 77' lang='lat' dir='ltr'>qut</span> <span class='ocrx_word' id='word_1_211' title='bbox 1106 3272 1141 3283; x_wconf 87' lang='lat'><em>-</em></span> <span class='ocrx_word' id='word_1_212' title='bbox 1156 3242 1219 3312; x_wconf 76' lang='lat' dir='ltr'>suit</span> <span class='ocrx_word' id='word_1_213' title='bbox 1241 3244 1333 3314; x_wconf 79' lang='lat' dir='ltr'>facile</span> 
     </span>
     <span class='ocr_line' id='line_1_27' title="bbox 281 3327 1334 3402; baseline 0.003 -23"><span class='ocrx_word' id='word_1_214' title='bbox 281 3329 468 3402; x_wconf 73' lang='lat' dir='ltr'>prtnreps—</span> <span class='ocrx_word' id='word_1_215' title='bbox 479 3329 597 3398; x_wconf 60' lang='lat' dir='ltr'>erupuit.</span> <span class='ocrx_word' id='word_1_216' title='bbox 609 3354 645 3369; x_wconf 79' lang='lat'>--</span> <span class='ocrx_word' id='word_1_217' title='bbox 662 3342 740 3380; x_wconf 81' lang='lat' dir='ltr'>nunc</span> <span class='ocrx_word' id='word_1_218' title='bbox 756 3342 811 3379; x_wconf 85' lang='lat' dir='ltr'>nes</span> <span class='ocrx_word' id='word_1_219' title='bbox 828 3327 1011 3396; x_wconf 79' lang='lat' dir='ltr'>quaerimus]</span> <span class='ocrx_word' id='word_1_220' title='bbox 1029 3329 1168 3399; x_wconf 78' lang='lat' dir='ltr'>vulgatum</span> <span class='ocrx_word' id='word_1_221' title='bbox 1186 3344 1241 3384; x_wconf 80' lang='lat' dir='ltr'>nos</span> <span class='ocrx_word' id='word_1_222' title='bbox 1258 3346 1334 3382; x_wconf 81' lang='lat' dir='ltr'>nuso</span> 
     </span>
     <span class='ocr_line' id='line_1_28' title="bbox 266 3403 1333 3480; baseline 0.002 -17"><span class='ocrx_word' id='word_1_223' title='bbox 266 3403 387 3464; x_wconf 78' lang='lat' dir='ltr'>&#39;inverti</span> <span class='ocrx_word' id='word_1_224' title='bbox 410 3411 559 3463; x_wconf 86' lang='lat' dir='ltr'>secundum</span> <span class='ocrx_word' id='word_1_225' title='bbox 580 3409 631 3480; x_wconf 79' lang='lat' dir='ltr'>Lg.</span> <span class='ocrx_word' id='word_1_226' title='bbox 650 3411 675 3465; x_wconf 99' lang='grc'><strong>3.</strong></span> <span class='ocrx_word' id='word_1_227' title='bbox 693 3410 718 3465; x_wconf 81' lang='grc'><strong>5.</strong></span> <span class='ocrx_word' id='word_1_228' title='bbox 739 3410 780 3465; x_wconf 89' lang='grc'><strong>14.</strong></span> <span class='ocrx_word' id='word_1_229' title='bbox 801 3410 841 3465; x_wconf 83' lang='grc'><strong>13.</strong></span> <span class='ocrx_word' id='word_1_230' title='bbox 863 3411 903 3465; x_wconf 88' lang='grc'><strong>17.</strong></span> <span class='ocrx_word' id='word_1_231' title='bbox 921 3411 964 3466; x_wconf 73' lang='grc'><strong>30.</strong></span> <span class='ocrx_word' id='word_1_232' title='bbox 983 3412 1025 3466; x_wconf 73' lang='lat' dir='ltr'>ul.</span> <span class='ocrx_word' id='word_1_233' title='bbox 1046 3412 1088 3469; x_wconf 72' lang='lat'>23.</span> <span class='ocrx_word' id='word_1_234' title='bbox 1108 3412 1149 3470; x_wconf 70' lang='lat'>82.</span> <span class='ocrx_word' id='word_1_235' title='bbox 1169 3412 1212 3467; x_wconf 81' lang='grc'><strong>35.</strong></span> <span class='ocrx_word' id='word_1_236' title='bbox 1230 3414 1273 3468; x_wconf 82' lang='grc'><strong>65.</strong></span> <span class='ocrx_word' id='word_1_237' title='bbox 1289 3414 1333 3473; x_wconf 84' lang='grc'><strong>67.</strong></span> 
     </span>
     <span class='ocr_line' id='line_1_29' title="bbox 286 3493 1333 3568; baseline 0.005 -22"><span class='ocrx_word' id='word_1_238' title='bbox 286 3493 330 3547; x_wconf 81' lang='lat' dir='ltr'>oa.</span> <span class='ocrx_word' id='word_1_239' title='bbox 349 3494 390 3549; x_wconf 82' lang='lat'>70.</span> <span class='ocrx_word' id='word_1_240' title='bbox 407 3495 449 3551; x_wconf 86' lang='grc'><strong>73.</strong></span> <span class='ocrx_word' id='word_1_241' title='bbox 464 3494 505 3549; x_wconf 84' lang='grc'><strong>76.</strong></span> <span class='ocrx_word' id='word_1_242' title='bbox 523 3495 567 3557; x_wconf 83' lang='grc'><strong>34.</strong></span> <span class='ocrx_word' id='word_1_243' title='bbox 587 3494 639 3550; x_wconf 84' lang='lat' dir='ltr'>Gu.</span> <span class='ocrx_word' id='word_1_244' title='bbox 655 3494 680 3551; x_wconf 73' lang='lat'>2.</span> <span class='ocrx_word' id='word_1_245' title='bbox 708 3495 919 3553; x_wconf 75' lang='lat' dir='ltr'>animadvertes</span> <span class='ocrx_word' id='word_1_246' title='bbox 936 3497 1065 3567; x_wconf 83' lang='lat' dir='ltr'>opposita</span> <span class='ocrx_word' id='word_1_247' title='bbox 1083 3502 1132 3562; x_wconf 79' lang='lat' dir='ltr'>its,</span> <span class='ocrx_word' id='word_1_248' title='bbox 1150 3502 1203 3568; x_wconf 81' lang='lat' dir='ltr'>pul</span> <span class='ocrx_word' id='word_1_249' title='bbox 1221 3505 1333 3552; x_wconf 83' lang='lat' dir='ltr'>trocta-</span> 
     </span>
     <span class='ocr_line' id='line_1_30' title="bbox 287 3581 1331 3654; baseline 0.005 -22"><span class='ocrx_word' id='word_1_250' title='bbox 287 3585 353 3635; x_wconf 83' lang='lat' dir='ltr'>rent</span> <span class='ocrx_word' id='word_1_251' title='bbox 373 3607 409 3623; x_wconf 60' lang='grc' dir='ltr'>ι-</span> <span class='ocrx_word' id='word_1_252' title='bbox 436 3596 511 3649; x_wconf 76' lang='lat' dir='ltr'>puae</span> <span class='ocrx_word' id='word_1_253' title='bbox 535 3596 612 3635; x_wconf 81' lang='lat' dir='ltr'>nunc</span> <span class='ocrx_word' id='word_1_254' title='bbox 636 3597 692 3634; x_wconf 82' lang='lat' dir='ltr'>uos</span> <span class='ocrx_word' id='word_1_255' title='bbox 718 3583 896 3651; x_wconf 75' lang='lat' dir='ltr'>quaerimus.</span> <span class='ocrx_word' id='word_1_256' title='bbox 939 3597 1017 3635; x_wconf 83' lang='lat' dir='ltr'>nuuc</span> <span class='ocrx_word' id='word_1_257' title='bbox 1039 3599 1114 3652; x_wconf 79' lang='lat' dir='ltr'>prece</span> <span class='ocrx_word' id='word_1_258' title='bbox 1138 3599 1194 3639; x_wconf 84' lang='lat' dir='ltr'>uos</span> <span class='ocrx_word' id='word_1_259' title='bbox 1219 3581 1270 3654; x_wconf 82' lang='lat' dir='ltr'>Lg.</span> <span class='ocrx_word' id='word_1_260' title='bbox 1291 3582 1331 3637; x_wconf 83' lang='lat' dir='ltr'>lli.</span> 
     </span>
     <span class='ocr_line' id='line_1_31' title="bbox 288 3663 1333 3738; baseline 0.004 -20"><span class='ocrx_word' id='word_1_261' title='bbox 288 3680 359 3719; x_wconf 87' lang='lat' dir='ltr'>corr.</span> <span class='ocrx_word' id='word_1_262' title='bbox 379 3673 409 3719; x_wconf 91' lang='lat' dir='ltr'>ut</span> <span class='ocrx_word' id='word_1_263' title='bbox 425 3663 450 3720; x_wconf 90' lang='grc'>3.</span> <span class='ocrx_word' id='word_1_264' title='bbox 468 3694 504 3705; x_wconf 92' lang='grc'><strong>-</strong></span> <span class='ocrx_word' id='word_1_265' title='bbox 529 3680 596 3718; x_wconf 81' lang='lat' dir='ltr'>oum</span> <span class='ocrx_word' id='word_1_266' title='bbox 612 3667 745 3733; x_wconf 72' lang='lat' dir='ltr'>nemine]</span> <span class='ocrx_word' id='word_1_267' title='bbox 763 3672 824 3719; x_wconf 81' lang='lat' dir='ltr'>tum</span> <span class='ocrx_word' id='word_1_268' title='bbox 841 3669 960 3719; x_wconf 80' lang='lat' dir='ltr'>nomiae</span> <span class='ocrx_word' id='word_1_269' title='bbox 976 3664 1027 3738; x_wconf 80' lang='lat' dir='ltr'>Lg.</span> <span class='ocrx_word' id='word_1_270' title='bbox 1042 3665 1141 3734; x_wconf 75' lang='lat' dir='ltr'>xvia,</span> <span class='ocrx_word' id='word_1_271' title='bbox 1160 3684 1275 3736; x_wconf 88' lang='lat' dir='ltr'>quorum</span> <span class='ocrx_word' id='word_1_272' title='bbox 1292 3676 1333 3722; x_wconf 84' lang='lat' dir='ltr'>est</span> 
     </span>
     <span class='ocr_line' id='line_1_32' title="bbox 287 3746 1331 3823; baseline 0.007 -20"><span class='ocrx_word' id='word_1_273' title='bbox 287 3746 1331 3823; x_wconf 52' lang='lat' dir='ltr'>Q—mfflmeffiMQQffifflfflffiffiQ</span> 
     </span>
     <span class='ocr_line' id='line_1_33' title="bbox 287 3832 1327 3912; baseline 0.002 -22"><span class='ocrx_word' id='word_1_274' title='bbox 287 3833 330 3893; x_wconf 84' lang='grc'><strong>84.</strong></span> <span class='ocrx_word' id='word_1_275' title='bbox 348 3833 394 3890; x_wconf 70' lang='lat' dir='ltr'>dd.</span> <span class='ocrx_word' id='word_1_276' title='bbox 411 3833 482 3889; x_wconf 73' lang='lat' dir='ltr'>vict.</span> <span class='ocrx_word' id='word_1_277' title='bbox 503 3833 555 3888; x_wconf 87' lang='lat' dir='ltr'>Gu.</span> <span class='ocrx_word' id='word_1_278' title='bbox 572 3833 597 3889; x_wconf 75' lang='grc'><strong>3.</strong></span> <span class='ocrx_word' id='word_1_279' title='bbox 616 3864 652 3879; x_wconf 78' lang='lat'><em>-</em></span> <span class='ocrx_word' id='word_1_280' title='bbox 678 3832 819 3889; x_wconf 77' lang='lat' dir='ltr'>Socrates</span> <span class='ocrx_word' id='word_1_281' title='bbox 837 3835 963 3904; x_wconf 79' lang='lat' dir='ltr'>mullum]</span> <span class='ocrx_word' id='word_1_282' title='bbox 982 3835 1039 3891; x_wconf 86' lang='lat' dir='ltr'>lnv.</span> <span class='ocrx_word' id='word_1_283' title='bbox 1058 3835 1108 3912; x_wconf 79' lang='lat' dir='ltr'>ng.</span> <span class='ocrx_word' id='word_1_284' title='bbox 1127 3837 1152 3893; x_wconf 84' lang='grc' dir='ltr'><strong>θ.</strong></span> <span class='ocrx_word' id='word_1_285' title='bbox 1325 3846 1327 3852; x_wconf 87' lang='grc'><strong>“</strong></span> 
     </span>
     <span class='ocr_line' id='line_1_34' title="bbox 298 3918 1332 3992; baseline 0.001 -19"><span class='ocrx_word' id='word_1_286' title='bbox 298 3943 306 3958; x_wconf 49' lang='lat' dir='ltr'>x</span> <span class='ocrx_word' id='word_1_287' title='bbox 373 3919 416 3974; x_wconf 75' lang='lat' dir='ltr'>til.</span> <span class='ocrx_word' id='word_1_288' title='bbox 452 3918 625 3987; x_wconf 79' lang='lat' dir='ltr'>discidium]</span> <span class='ocrx_word' id='word_1_289' title='bbox 654 3920 816 3974; x_wconf 78' lang='lat' dir='ltr'>dissidium</span> <span class='ocrx_word' id='word_1_290' title='bbox 845 3920 896 3992; x_wconf 83' lang='lat' dir='ltr'>Lg.</span> <span class='ocrx_word' id='word_1_291' title='bbox 919 3921 944 3975; x_wconf 81' lang='lat' dir='ltr'>d.</span> <span class='ocrx_word' id='word_1_292' title='bbox 973 3920 1008 3974; x_wconf 73' lang='grc'>34</span> <span class='ocrx_word' id='word_1_293' title='bbox 1029 3938 1099 3977; x_wconf 87' lang='lat' dir='ltr'>corr.</span> <span class='ocrx_word' id='word_1_294' title='bbox 1127 3920 1170 3975; x_wconf 82' lang='grc'><strong>84.</strong></span> <span class='ocrx_word' id='word_1_295' title='bbox 1193 3920 1242 3979; x_wconf 77' lang='grc'><strong>33.</strong></span> <span class='ocrx_word' id='word_1_296' title='bbox 1271 3918 1332 3974; x_wconf 80' lang='lat' dir='ltr'>Ald.</span> 
     </span>
     <span class='ocr_line' id='line_1_35' title="bbox 288 4001 1332 4078; baseline 0.002 -21"><span class='ocrx_word' id='word_1_297' title='bbox 288 4003 368 4062; x_wconf 78' lang='lat' dir='ltr'>Man.</span> <span class='ocrx_word' id='word_1_298' title='bbox 382 4002 429 4066; x_wconf 85' lang='lat' dir='ltr'>el,</span> <span class='ocrx_word' id='word_1_299' title='bbox 447 4001 522 4070; x_wconf 88' lang='lat' dir='ltr'>qnod</span> <span class='ocrx_word' id='word_1_300' title='bbox 538 4011 629 4056; x_wconf 87' lang='lat' dir='ltr'>tamen</span> <span class='ocrx_word' id='word_1_301' title='bbox 647 4003 809 4058; x_wconf 84' lang='lat' dir='ltr'>divisionem</span> <span class='ocrx_word' id='word_1_302' title='bbox 827 4013 856 4057; x_wconf 88' lang='lat' dir='ltr'>et</span> <span class='ocrx_word' id='word_1_303' title='bbox 873 4005 1092 4076; x_wconf 76' lang='lat' dir='ltr'>segregationem</span> <span class='ocrx_word' id='word_1_304' title='bbox 1105 4004 1261 4078; x_wconf 76' lang='lat' dir='ltr'>siguificare</span> <span class='ocrx_word' id='word_1_305' title='bbox 1278 4021 1332 4059; x_wconf 92' lang='lat' dir='ltr'>non</span> 
     </span>
     <span class='ocr_line' id='line_1_36' title="bbox 288 4084 1333 4163; baseline 0.004 -24"><span class='ocrx_word' id='word_1_306' title='bbox 288 4093 388 4155; x_wconf 80' lang='lat' dir='ltr'>potest.</span> <span class='ocrx_word' id='word_1_307' title='bbox 405 4112 441 4125; x_wconf 88' lang='lat'>-</span> <span class='ocrx_word' id='word_1_308' title='bbox 469 4084 663 4152; x_wconf 78' lang='lat' dir='ltr'>ollus1aliud</span> <span class='ocrx_word' id='word_1_309' title='bbox 680 4087 736 4140; x_wconf 87' lang='lat' dir='ltr'>inv.</span> <span class='ocrx_word' id='word_1_310' title='bbox 754 4086 804 4156; x_wconf 77' lang='lat' dir='ltr'>Lg.</span> <span class='ocrx_word' id='word_1_311' title='bbox 823 4088 867 4142; x_wconf 85' lang='grc'><strong>84.</strong></span> <span class='ocrx_word' id='word_1_312' title='bbox 887 4119 917 4128; x_wconf 96' lang='grc'><strong>-</strong></span> <span class='ocrx_word' id='word_1_313' title='bbox 947 4089 1204 4163; x_wconf 75' lang='lat' dir='ltr'>apprehenderet]</span> <span class='ocrx_word' id='word_1_314' title='bbox 1223 4091 1333 4162; x_wconf 80' lang='lat' dir='ltr'>adpre·</span> 
     </span>
     <span class='ocr_line' id='line_1_37' title="bbox 207 4167 1333 4252; baseline 0.004 -28"><span class='ocrx_word' id='word_1_315' title='bbox 207 4243 212 4252; x_wconf 21' lang='grc' dir='ltr'>Ο</span> <span class='ocrx_word' id='word_1_316' title='bbox 284 4167 432 4228; x_wconf 65' lang='lat' dir='ltr'>&#39;ammom</span> <span class='ocrx_word' id='word_1_317' title='bbox 443 4167 494 4243; x_wconf 69' lang='lat' dir='ltr'>lug.</span> <span class='ocrx_word' id='word_1_318' title='bbox 505 4168 548 4223; x_wconf 82' lang='grc'><strong>34.</strong></span> <span class='ocrx_word' id='word_1_319' title='bbox 572 4169 808 4246; x_wconf 74' lang='lat' dir='ltr'>adprehenderat</span> <span class='ocrx_word' id='word_1_320' title='bbox 823 4171 864 4228; x_wconf 79' lang='lat' dir='ltr'>to.</span> <span class='ocrx_word' id='word_1_321' title='bbox 877 4173 919 4231; x_wconf 82' lang='lat'>73.</span> <span class='ocrx_word' id='word_1_322' title='bbox 932 4200 969 4218; x_wconf 58' lang='grc' dir='ltr'>-ν-</span> <span class='ocrx_word' id='word_1_323' title='bbox 987 4174 1174 4249; x_wconf 62' lang='lat' dir='ltr'>deiunctae]</span> <span class='ocrx_word' id='word_1_324' title='bbox 1182 4176 1333 4234; x_wconf 74' lang='lat' dir='ltr'>diiunctae</span> 
     </span>
    </p>
   </div>
   <div class='ocr_carea' id='block_1_4' title="bbox 0 0 1476 4608">
    <p class='ocr_par' dir='ltr' id='par_1_4' title="bbox 0 0 1476 4608">
     <span class='ocr_line' id='line_1_38' title="bbox 0 0 1476 4608; baseline 0 0"><span class='ocrx_word' id='word_1_325' title='bbox 0 0 1476 4608; x_wconf 95' lang='lat' dir='ltr'> </span> 
     </span>
    </p>
   </div>
  </div>
 </body>
</html>
