2938 4590
1080 188 1092 221 1

210 362 216 373 Ι
253 303 353 379 m
655 250 945 365 nicanorus*

252 472 350 541 uruu
375 486 522 545 novom
553 476 709 553 quartum,
739 444 915 551 quomrum
947 447 1209 550 contempero
1237 465 1305 530 nint

252 584 372 674 genera
392 585 528 651 ridiculi.
571 584 674 670 Atque
699 583 779 651 illud
798 584 929 671 primunr
955 582 1030 668 quid
1052 583 1092 646 sit
1113 584 1181 690 ipse
1204 583 1304 658 risus,

254 724 315 791 quo
331 713 423 790 pacto
442 704 623 781 concitetur,
645 701 765 779 ubisit,
787 700 962 786 quomodo
984 705 1116 766 exsistat
1138 709 1230 785 atque
1254 702 1305 764 ita
1420 736 1425 743 ,
1448 730 1449 743 ¹

1448 814 1449 841 l

253 831 379 909 repente
401 829 554 905 erumpat,
580 829 613 884 ut
634 839 704 885 eum
726 821 885 905 cupienten
906 828 1014 883 tenere
1035 835 1243 903 nequeamus,
1266 825 1303 882 et

255 910 409 1027 morundo
438 936 530 1004 simul
556 937 659 1003 latera
689 956 726 1003 oe
752 955 851 1002 venae
878 935 988 1002 oculos
1014 933 1132 1001 vultum
1159 943 1303 1020 occupet,

253 1056 367 1131 uiderit
386 1052 593 1123 Democritus.
624 1051 745 1139 Neque
767 1054 850 1120 enim
876 1052 1019 1119 adhunc
1041 1046 1301 1118 aermoncm'hoc
1387 1108 1396 1116 .

255 1175 402 1261 pertinet,
430 1182 462 1238 ot
487 1173 516 1238 ei
541 1173 723 1261 pertineret,
755 1172 878 1236 nescire
905 1189 955 1236 me
980 1179 1086 1236 tamen
1106 1168 1140 1233 id
1159 1184 1224 1233 non
1244 1187 1303 1254 pu-

256 1293 361 1369 deret,
393 1288 476 1375 quod
506 1308 547 1355 ne
578 1287 628 1355 illi
659 1287 783 1373 quidem
815 1289 949 1382 scirent„
984 1289 1037 1371 qui
1068 1285 1302 1372 pollicerentur.

255 1394 328 1477 336.
349 1404 456 1472 Locus
471 1415 573 1471 autem
594 1416 625 1471 et
645 1407 735 1489 regio
748 1406 849 1489 prasi
869 1403 995 1469 ridiculi
1012 1405 1097 1485 (nam
1113 1402 1146 1468 id
1160 1406 1301 1489 proxime

223 1606 231 1621 ·
257 1525 429 1612 quaeritur)
455 1505 641 1609 turpitudine
675 1533 706 1587 ct
731 1522 927 1588 deformitate
955 1520 1090 1606 qaedam
1117 1524 1300 1587 continetur.

256 1641 344 1711 Haec
366 1646 448 1707 enim
470 1640 609 1707 ridentur
628 1640 681 1706 vol
702 1639 775 1706 sola
794 1639 846 1707 vel
868 1642 1015 1715 maxime,
1038 1658 1118 1724 quae
1139 1647 1248 1705 notant
1270 1646 1301 1703 et

258 1761 426 1845 designant
445 1738 662 1844 turpitudinem
685 1758 822 1844 aliquam
843 1778 907 1823 non
927 1758 1064 1843 lrrrpiter.
1107 1753 1164 1822 Est
1189 1756 1301 1831 autem,

257 1889 291 1945 nt
317 1877 359 1942 ad
384 1860 463 1941 illud
487 1852 610 1940 tertium
636 1877 775 1948 verdum,
807 1884 855 1940 est
884 1874 979 1961 plane
1010 1876 1147 1940 oratoris
1175 1892 1301 1939 movere

213 1978 219 1986 ’
258 1995 370 2069 risum
390 1991 443 2058 uel
462 1991 544 2077 quod
563 1993 635 2077 ipsa
653 1990 798 2056 hilariter
820 1990 1070 2058 benevolentiam
1092 1990 1241 2067 conciliet
1260 1991 1301 2065 cl,

260 2238 317 2295 quo
335 2221 435 2288 modo]
458 2224 515 2291 pu‘o
537 2222 587 2294 Lg.
606 2224 631 2279 3.
654 2223 696 2277 81.
713 2222 755 2277 ot
778 2222 839 2288 93,
863 2223 969 2278 divisim
992 2225 1068 2279 eolus
1090 2224 1148 2290 76.,
1171 2225 1217 2293 qul
1236 2218 1300 2277 niox

260 2310 419 2377 irrumpat.
432 2335 466 2347 —
488 2309 596 2375 tenere]
613 2313 741 2363 relinere
757 2307 828 2362 Vict.
847 2326 900 2362 orn.
919 2308 969 2380 ng.
984 2309 1010 2363 3.
1025 2311 1050 2363 l.
1068 2309 1107 2363 13.
1122 2309 1157 2362 33
1171 2308 1298 2362 corr136.

260 2391 312 2447 Gn.
331 2392 356 2446 3.
374 2419 410 2432 -
433 2394 624 2460 nequeamus]
642 2400 794 2446 teneamur
810 2392 861 2463 Lg.
879 2402 907 2446 et
925 2393 977 2448 Gn.
994 2395 1037 2460 3.,
1062 2410 1130 2462 quos
1148 2394 1232 2448 modo
1247 2409 1301 2466 rue·

260 2475 374 2530 moravi.
400 2506 432 2516 -
463 2475 561 2530 latera
586 2478 630 2546 os]
654 2476 781 2530 lacertos
807 2475 858 2548 Lg.
877 2478 902 2532 1.
925 2507 962 2517 ·-
993 2477 1091 2531 oeulos
1114 2476 1236 2544 nultum]
1262 2479 1301 2530 sic

260 2561 360 2614 inverti
376 2560 525 2613 secundum
543 2561 592 2632 Lg.
613 2579 707 2615 omnes
724 2560 1012 2632 proeter6.81.8⁴1.,
1031 2564 1095 2615 item
1114 2562 1185 2616 vrci.
1206 2562 1257 2616 Gu.
1274 2563 1298 2616 3.

261 2644 292 2699 ln
309 2643 359 2715 Lg.
375 2645 400 2699 6.
423 2652 465 2697 est
481 2644 581 2698 oculor·
598 2647 731 2699 mullum.
745 2675 782 2685 -
803 2646 845 2699 ad
861 2644 939 2699 hunc
955 2663 1119 2699 termonem
1136 2645 1193 2699 hoc
1207 2651 1300 2719 perti·

260 2730 327 2797 aret]
351 2746 447 2782 nermo
470 2727 519 2783 lein
538 2735 667 2801 pertinet
689 2730 739 2802 Lg.
758 2730 783 2784 3.
802 2731 826 2784 t.
852 2729 892 2785 13.
912 2730 955 2785 36.
982 2731 1054 2784 unde
1077 2732 1224 2801 rrrspioeris
1246 2729 1301 2784 lune

260 2830 358 2867 nermo
373 2813 422 2866 Mc
433 2820 525 2884 pert„
543 2828 697 2885 quanquam
715 2816 802 2868 minus
818 2823 896 2885 grate
913 2809 1113 2885 componuntnr
1129 2815 1185 2869 huuc
1200 2824 1227 2869 et
1244 2815 1299 2870 hle.

262 2897 313 2951 Gur.
331 2899 357 2951 3.
383 2897 424 2950 ad
443 2896 498 2950 hoc
520 2916 617 2952 ‚cernuo
637 2898 686 2953 luto
699 2918 731 2972 p.
765 2898 840 2968 helpo
862 2916 915 2952 om.
939 2899 991 2953 Gn.
1012 2899 1034 2953 l.
1053 2924 1089 2942 ⁸—-
1117 2901 1213 2970 puod]
1235 2908 1300 2953 oum

260 2982 331 3035 vict.
345 3011 381 3022 ·—·
399 2999 435 3034 nc
449 2981 495 3035 olla·
508 2982 626 3050 quidem
641 2984 762 3050 seirent]
779 2980 917 3054 vulgatum
935 3001 973 3036 ue
988 2988 1048 3056 lprl
1065 2985 1183 3055 quidem
1201 2984 1248 3038 1111
1261 3003 1299 3040 rc.

261 3067 369 3120 correxi
393 3084 428 3120 en
451 3065 500 3136 Lg.
523 3067 548 3119 3.
572 3066 597 3121 3.
618 3069 643 3121 l.
662 3069 687 3122 6.
716 3067 755 3121 13.
773 3067 816 3122 33.
834 3067 876 3122 36.
903 3066 957 3122 Gn.
973 3068 998 3122 3.
1017 3097 1053 3111 ·-
1075 3069 1299 3141 polllcmrerrtur]

189 3198 191 3201 ,
259 3151 451 3224 polliccatur,
476 3150 548 3219 quod
565 3151 663 3222 legitur
685 3152 713 3206 iu
731 3152 793 3206 edd.
811 3151 882 3207 lunt.
901 3152 973 3209 Orat.
990 3151 1085 3218 Mam,
1108 3171 1127 3237 a
1144 3163 1299 3208 correctore
1403 3168 1406 3173 '

261 3238 393 3307 scriptum
410 3236 439 3288 ln
456 3233 507 3306 Lg.
526 3235 569 3290 33.

347 3353 407 3408 336.
438 3355 593 3426 proxime]
611 3371 759 3427 ponente
775 3353 826 3425 ng.
844 3353 869 3408 5.
886 3362 933 3393 —'
950 3352 1024 3408 laec
1042 3356 1131 3423 enim]
1153 3371 1208 3408 mec
1225 3357 1300 3407 enim

207 3470 209 3473 -
262 3437 315 3490 Gn.
329 3438 353 3493 l.
366 3465 401 3479 -
418 3439 538 3505 metuat]
557 3438 699 3493 deuolant
715 3439 821 3509 113651
834 3466 870 3480 ν·-
890 3443 919 3490 et
938 3438 1106 3510 desiperent]
1124 3440 1170 3492 uel
1184 3443 1301 3510 sipunnt

262 3521 314 3576 Gn.
330 3520 355 3575 3.
383 3525 502 3592 riporum
518 3523 599 3576 etiarn
618 3523 668 3593 Ing.
684 3524 709 3578 3.
727 3522 752 3577 3.
771 3524 796 3577 l.
818 3521 858 3576 13.
878 3521 912 3577 33
926 3524 1059 3585 cornill,
1075 3553 1111 3564 -—
1129 3530 1173 3577 eut
1191 3524 1299 3591 autem]
1415 3578 1421 3587 ,

262 3613 308 3660 eut
330 3611 410 3660 enim
431 3607 481 3678 ng.
502 3607 526 3660 3.
545 3607 570 3662 3.
596 3607 636 3662 13.
659 3609 701 3665 36.
726 3607 761 3660 33
778 3624 849 3661 corr.
872 3607 915 3662 36.
935 3607 977 3661 76.
1013 3606 1090 3661 Nihil
1109 3608 1233 3661 ueltatlue
1252 3607 1300 3661 hac

261 3691 440 3757 confusione,
465 3692 500 3745 de
525 3708 578 3760 qua
600 3693 719 3748 dicemur
743 3693 771 3747 in
792 3690 1026 3762 explicationibus.
1062 3690 1131 3744 lieet
1156 3691 1208 3746 Gn.
1226 3692 1251 3747 3.
1267 3720 1301 3734 ·-

262 3775 335 3831 teleto
354 3778 486 3844 tertium]
506 3777 591 3830 allud
608 3783 729 3832 tertium
752 3776 804 3831 Gn.
822 3776 846 3830 3.
864 3804 900 3818 ·-
929 3763 1170 3843 benevolentiam]
1196 3777 1236 3831 sic
1252 3775 1300 3830 soll

262 3875 385 3915 meorum
402 3859 513 3932 11533.
532 3860 603 3914 Vict.
621 3889 658 3901 —-
683 3860 793 3927 eleuat]
812 3859 889 3913 leuat
905 3858 956 3932 Lg.
974 3860 999 3915 5.
1020 3860 1059 3913 14.
1082 3859 1122 3914 lo.
1143 3860 1183 3915 16.
1203 3860 1244 3914 17.
1261 3858 1298 3914 36.

263 3944 305 3999 31.
323 3944 366 3997 33.
385 3952 414 3997 et
430 3943 469 3996 xl
487 3943 542 4008 alli,
560 3945 623 3996 item
642 3943 693 3997 Gn.
711 3944 734 3997 l.
755 3943 830 3996 uad
845 3942 878 3994 11.
891 3943 934 4009 55,
948 3944 1007 3998 336.
1035 3942 1300 3997 6619661663.-

174 4037 179 4044 “
264 4027 429 4096 olpnlficot]
461 4031 573 4096 olpnel-
590 4026 641 4081 Gn.
658 4027 683 4081 3.
715 4027 870 4079 demontrat
900 4025 949 4096 [lg.
972 4027 1015 4082 36.
1042 4057 1072 4068 --
1104 4027 1299 4096 meumque]

263 4114 396 4167 mntem
413 4110 464 4180 Lg.
475 4111 500 4164 3.
516 4112 540 4163 l.
556 4109 594 4164 13.
609 4110 653 4165 36.
668 4110 711 4166 69.
731 4109 773 4163 76.
784 4110 826 4163 73.
846 4109 898 4167 Gu.
914 4110 954 4174 3.;
973 4111 1099 4166 orolenttm
1117 4127 1173 4180 pue
1190 4118 1300 4180 propter
