2980 4602
173 309 177 325 '
281 314 372 402 roo
638 326 929 408 ‘orccaoms
998 396 1001 399 ,
1056 342 1093 403 Α

282 498 306 564 a‘
324 517 385 584 quo
407 513 477 562 cum
499 504 673 563 amentatas
693 495 803 589 lactas
825 500 995 584 acceperit,
1017 470 1085 586 lpse
1108 518 1165 569 eas
1187 506 1339 568 oratoris·

280 615 409 682 lacertis
426 614 606 699 vlribnsque
623 615 788 701 torquebit.
819 614 890 681 Nisi
903 636 979 682 vero
1002 616 1102 698 dona
1116 621 1211 684 venia
1230 618 1322 685 huius

281 735 387 820 optimi
407 733 467 797 viri
488 732 619 798 dixerim
636 730 855 815 [Scaevolacp
877 742 910 797 tu
931 732 1050 798 libellis
1073 745 1126 800 aut
1146 739 1323 822 praeceptis

281 851 458 918 soceriftui
495 866 624 914 causam
654 847 708 914 Μ’.
737 848 810 915 (luri
843 849 1029 945 defendisti,
1064 870 1129 916 non
1164 854 1322 938 arripuisti

279 967 484 1055 patrocinium
512 967 678 1051 aequitatis
706 976 736 1031 et
762 966 976 1032 defensionem
1001 942 1254 1034 testamentorum
1283 989 1336 1035 ac·

278 1084 447 1152 uoluntatis
478 1093 675 1149 mortuorum.
729 1081 803 1151 243.
835 1083 884 1150 Ac
916 1096 994 1149 mca¹
1014 1085 1139 1170 quidem
1166 1088 1321 1152 sententia
1467 1132 1468 1181 3

280 1202 446 1287 (frequens
460 1214 463 1221 ·
477 1202 560 1265 enim
591 1211 622 1265 te
655 1190 773 1267 audivi
793 1211 884 1286 atque
917 1200 1008 1284 alini)
1040 1201 1135 1267 molto
1168 1206 1318 1269 maiorem

276 1319 397 1406 partem
428 1319 650 1383 sententiarum
681 1317 749 1382 sale
782 1328 834 1383 tuo
868 1328 898 1383 et
927 1316 1034 1406 lepore
1065 1328 1095 1383 et
1123 1318 1319 1405 politissimis

224 1495 229 1504 .
277 1436 402 1503 facetiis
424 1432 595 1521 pellexisti,
623 1455 691 1500 cum
714 1445 744 1500 et
765 1434 843 1501 illud
865 1437 991 1500 nimium
1018 1451 1146 1502 acumen
1167 1434 1338 1501 illuderes*

278 1553 309 1620 e't
324 1552 515 1619 admirarere
536 1553 695 1636 ingenium
712 1534 900 1629 S'caevolac,
923 1555 974 1638 qui
997 1555 1206 1637 excogitasset
1226 1557 1318 1619 nosci

276 1672 362 1763 prius
389 1678 532 1756 oportere
560 1662 653 1753 quam
677 1672 789 1747 emori,
817 1690 945 1756 cumque
973 1669 1070 1741 mulla
1096 1669 1265 1762 colligeres
1287 1681 1319 1736 et

277 1786 455 1872 exlegibus
477 1794 507 1850 ct
529 1806 568 1850 cx
590 1797 718 1851 senatus
741 1787 892 1852 consultis
914 1796 945 1852 et
967 1807 1006 1852 ex
1025 1789 1092 1852 vita
1113 1807 1151 1853 ac
1174 1769 1317 1881 sermone

276 1904 430 1972 communi
455 1921 518 1966 non
547 1903 639 1969 modo
662 1913 767 1980 acute,
795 1902 852 1968 sed
878 1905 973 1968 ctiam
993 1904 1125 1969 ridicule
1153 1914 1184 1969 ct
1204 1885 1315 1980 facete,

183 2082 192 2101 „
275 2021 343 2097 ubi,
370 2021 399 2084 si
419 2016 531 2094 verba,
559 2039 623 2084 non
643 2040 709 2085 rem
731 2040 944 2105 sequeremur,
970 2019 1080 2087 conici
1100 2019 1179 2087 nihil
1198 2032 1315 2108 posset.

274 2135 382 2223 ltaque
407 2134 577 2201 hilaritatis
607 2136 732 2222 plenum
764 2137 912 2203 iudicium
938 2157 978 2203 ac
1005 2137 1145 2204 laetitiae
1175 2139 1251 2216 fuit·;
1282 2141 1316 2203 in

275 2275 335 2342 quo
367 2251 441 2339 quid
454 2252 524 2318 'tibi
550 2255 627 2318 iuris
660 2254 763 2319 civilis
789 2256 980 2344 exercitatio
997 2255 1149 2349 profuerit
1178 2276 1241 2321 non
1266 2257 1314 2319 in-

273 2372 405 2456 tellego;
428 2368 552 2436 dicendi
572 2370 621 2435 vis
644 2372 776 2455 egregia
791 2391 911 2437 summa
926 2372 1094 2438 festivitate
1110 2382 1141 2438 et
1152 2382 1313 2438 venustate

273 2491 440 2559 coniuncta
464 2486 588 2575 profuit.
640 2486 713 2553 244.
745 2485 815 2575 lpse
848 2488 904 2556 ille
931 2488 1055 2555 Mucius
1085 2493 1208 2578 paterni
1237 2491 1313 2555 iuris
1350 2531 1359 2544 -
1467 2456 1468 2531 l

271 2725 372 2781 deors.
401 2721 612 2785 atiamentarius
628 2719 670 2779 31.
684 2722 726 2778 36.
745 2721 787 2778 os.
800 2725 842 2780 81.
861 2721 903 2777 84.
921 2720 965 2778 86.
978 2750 1014 2763 ··-
1031 2722 1191 2793 acceperit]
1208 2719 1319 2793 adceps.

272 2806 322 2878 Lg.
344 2807 385 2861 76.
403 2834 439 2846 —
470 2802 641 2877 Scaevolae]
666 2809 769 2862 uncinis
792 2824 891 2862 nomeu
914 2809 1056 2862 clausimus
1080 2823 1139 2858 cum
1158 2803 1206 2860 Or.
1225 2805 1311 2859 Henr.

207 2910 210 2913 ·
272 2887 325 2946 orn.
344 2889 422 2942 Mau.
440 2889 504 2948 Seu.
518 2888 620 2946 Muell‘.
654 2891 796 2946 Est'enim'
810 2893 931 2963 irreptum
949 2891 1166 2951 additamentum.
1183 2915 1219 2928 -··
1249 2888 1310 2955 Μ’]
1333 2901 1336 2907 ’

272 2974 317 3030 Μ.
338 2974 417 3028 codol.
436 2979 537 3028 omnes.
551 3002 587 3016 ·-
608 2967 689 3045 Curi}
708 2978 772 3031 dedi
789 2995 825 3030 ex
842 2976 892 3048 Lg.
904 2976 929 3031 3.
949 2976 974 3030 6.
989 2975 1029 3029 16.
1047 2974 1085 3028 17.
1099 2972 1141 3028 65.
1156 2972 1196 3026 76.
1211 2972 1252 3026 73.
1266 2971 1308 3026 86.

270 3063 382 3115 murell
398 3057 449 3112 Gn.
465 3061 488 3113 l.
505 3085 541 3099 —-
558 3058 909 3139 arripuiste‘lsodrlpue'ste'
924 3060 974 3131 Lg.
992 3059 1034 3113 16.
1053 3057 1095 3112 67.
1114 3057 1212 3112 7673.
1241 3055 1311 3113 Noa

270 3163 321 3218 pro
343 3160 438 3198 monne
462 3141 525 3196 dedi
549 3161 584 3196 ex
607 3143 689 3198 Bakii
712 3147 876 3200 coniectura.
911 3144 1033 3198 Brevem
1057 3142 1129 3195 illam
1149 3140 1310 3195 seutentiam

271 3231 368 3286 Cicero
381 3227 472 3281 intulit
484 3225 646 3289 dooedfroc.
683 3230 714 3284 ln
728 3228 849 3300 pluribus
861 3227 1058 3282 coacervandls
1073 3235 1101 3279 et
1117 3225 1238 3279 oratorie
1256 3241 1308 3276 am·

268 3313 421 3386 plificandis
431 3312 523 3365 iecere
534 3314 629 3382 potuit.
639 3344 676 3353 --
691 3314 865 3381 voluntatis]
879 3311 1044 3367 velocitates
1054 3308 1153 3382 Lgto.
1164 3309 1206 3364 81.
1222 3308 1273 3363 Gu.
1282 3307 1313 3362 2..

352 3396 411 3451 ata.
449 3397 497 3464 ac]
515 3403 548 3449 at
565 3396 613 3468 hg.
632 3396 674 3454 81.
692 3426 727 3437 -
752 3397 844 3466 affici]
865 3396 954 3465 adsui
972 3396 1022 3467 ng.
1041 3397 1066 3449 6.
1083 3394 1126 3448 67.
1146 3394 1187 3448 76.
1205 3393 1244 3446 73.
1263 3390 1311 3445 86.

268 3479 355 3551 adsui
376 3481 400 3535 3.
420 3507 456 3520 -
482 3481 685 3553 politissimis]
709 3476 904 3554 lepidissimis
924 3468 976 3553 L'g.
999 3479 1040 3534 31.
1064 3477 1248 3533 memorabile.
1272 3498 1314 3517 —-=

267 3564 418 3632 illuderes]
436 3563 527 3618 inland.
540 3562 589 3635 Lg.
605 3566 645 3620 73.
658 3594 693 3605 —-
710 3570 762 3635 qut
774 3565 987 3637 excogitasset]
1004 3562 1086 3634 qood
1102 3579 1166 3616 exc.
1181 3578 1216 3615 ex
1228 3562 1313 3614 intere

201 3714 203 3723 p
266 3656 438 3722 pretamento
461 3646 511 3718 Lg.
535 3660 647 3718 praeter
667 3650 708 3705 35.
731 3649 773 3706 81.
798 3649 840 3704 93.
864 3676 899 3690 -
932 3647 1066 3717 cumque]
1089 3663 1157 3700 eum
1178 3646 1251 3699 Vict.
1273 3665 1314 3684 -·

266 3733 428 3805 colligeres]
452 3732 557 3803 eoaltq.
581 3726 630 3804 Lg.
651 3735 691 3789 73.
709 3765 745 3776 -
776 3742 805 3788 et
822 3751 860 3788 ea·
879 3732 1011 3805 lepidos]
1029 3732 1069 3784 sic
1091 3731 1146 3784 mei
1163 3746 1258 3783 omnes
1281 3736 1311 3781 et

265 3819 326 3872 cdd.
351 3818 434 3885 antiq.
461 3816 617 3886 pleraeque.
649 3818 733 3874 Grou.
759 3825 788 3872 et
811 3836 863 3875 om.
884 3848 919 3858 ·-
948 3822 1069 3871 senates
1092 3813 1247 3879 consultis]
1269 3811 1309 3864 sic

265 3902 371 3954 divisim
388 3898 439 3970 lg.
452 3898 494 3952 65.
513 3899 547 3968 (la
566 3903 729 3970 consertos)
745 3902 787 3956 67.
807 3903 849 3957 69.
863 3903 962 3957 76.’73.
979 3900 1021 3954 76.
1037 3899 1080 3954 81.
1098 3898 1140 3952 sl.
1158 3896 1200 3951 86.
1219 3894 1260 3948 63.
1271 3921 1308 3933 -

265 3989 295 4036 et
310 3982 420 4050 facete]
440 3983 480 4034 sic
496 3998 547 4050 pro
565 3984 683 4050 erc-dedi
701 4003 736 4039 ex
754 3985 803 4056 Lg.
822 3986 847 4040 3.
866 3988 891 4040 5.
910 3987 936 4041 6.
958 3985 997 4041 16.
1019 3983 1058 4038 17.
1079 3982 1120 4035 21.
1139 3978 1242 4059 uass.
1261 3977 1307 4034 65.

246 4065 308 4128 67.
324 4063 365 4117 76.
380 4064 420 4117 73.
439 4063 480 4116 81.
499 4062 541 4116 84.
559 4064 601 4119 86.
638 4074 726 4137 atque
744 4069 784 4122 15.
803 4069 890 4122 verba
907 4086 944 4123 oc
959 4069 1060 4138 facete
1079 4080 1133 4118 uon
1151 4070 1261 4119 exstant
1278 4061 1306 4117 fu

263 4148 315 4204 (lu.
333 4145 358 4201 3.
376 4173 420 4188 -·
436 4144 523 4214 must]
539 4147 579 4200 sic
596 4146 645 4218 Lg.
666 4166 760 4205 omues
778 4159 888 4221 praeter
907 4153 948 4208 16.
966 4152 1025 4217 Sl„
1044 4149 1089 4223 qui
1106 4144 1306 4203 nemausus.
