2942 4608
376 337 436 404 DE
465 332 692 403 ORATORE
719 332 845 403 Ltuun
865 332 918 400 111.
941 333 992 401 18.
1107 334 1197 406 M

155 508 389 597 persuaserint,
419 526 484 573 non
508 514 650 592 poterunt
681 504 742 590 ipsi
773 521 861 579 esse,
892 501 925 603 iul
957 496 1045 588 quod
1065 501 1199 599 maxine

153 629 296 714 ‚cupiunt
319 626 422 691 otiosi.

241 740 368 834 lll'lll.¹
389 740 441 806 65.
475 714 603 806 Stoicos
635 747 752 814 autern,
787 756 865 822 quos
897 737 1022 809 minime
1048 735 1199 822 inprobo,

156 851 275 928 dimitto
306 869 412 927 tumen
442 862 501 922 neo
533 875 591 923 eos
620 857 719 923 iratos
745 874 871 931 uereor,
903 856 1049 940 quonium
1075 856 1200 920 omnino

84 1022 90 1034 ,
155 980 253 1044 irasci
283 979 446 1051 nesciunt,
483 983 574 1059 atque
607 971 689 1039 hanc
721 972 776 1037 iis‘
794 971 897 1039 habeo
929 972 1083 1056 gratiam,
1117 969 1200 1056 quod

148 1095 219 1174 ,soli
238 1115 280 1191 ex
298 1091 442 1160 omnibus
464 1089 674 1176 eloquentiam
694 1092 837 1158 virtutem
859 1109 898 1156 ac
920 1091 1105 1177 sapientiam
1126 1108 1199 1154 esse
1296 1090 1299 1101 '

156 1213 309 1278 dixerunt.
353 1207 418 1274 Sed
444 1201 639 1301 †utcunque
666 1217 729 1286 est,
757 1217 807 1273 est
832 1210 866 1273 in
885 1206 936 1273 his
957 1207 1041 1294 quod
1067 1206 1199 1285 oblitio,

157 1348 250 1415 quern
281 1328 481 1403 instruimus,
520 1334 644 1391 oratore
675 1325 780 1411 uude*
799 1324 996 1421 „abhffilist”
1032 1324 1085 1391 vel
1117 1324 1201 1409 quod

155 1464 281 1524 ornnes,
314 1446 368 1531 qui
399 1445 557 1530 sapientes
588 1463 652 1509 non
680 1445 758 1519 sint,
789 1417 900 1510 seruos
926 1442 1066 1509 latrones
1093 1441 1201 1509 hostes

156 1564 288 1628 insanos
320 1581 393 1628 esse
427 1560 532 1627 dicunt
562 1579 663 1644 neque
692 1569 797 1624 tannen
828 1579 1012 1645 quenquam
1041 1579 1114 1626 osse
1146 1579 1201 1625 sa-

154 1681 299 1766 pientem.
347 1677 448 1744 Valde
480 1687 582 1743 autern
608 1686 657 1742 est
685 1675 854 1741 absurdum
884 1681 915 1742 ei
941 1678 1117 1743 contionem
1149 1687 1202 1742 aut
1243 1743 1248 1749 ,

155 1807 299 1863 senatum
320 1806 373 1862 aut
387 1796 484 1862 allum
500 1804 622 1861 coetum
637 1793 794 1859 hominum
816 1795 1017 1870 committere,
1038 1795 1089 1859 eui
1108 1813 1201 1861 neruo

157 1913 299 1992 illorum,
331 1915 384 1999 qui
411 1915 525 1991 assint,
555 1932 651 1978 sanus
679 1931 771 1995 nemo
799 1912 877 1976 civis
903 1929 995 1975 nerno
1020 1911 1103 1976 liber
1127 1931 1200 1977 csse

155 2031 308 2098 videatur.
341 2031 390 2099 66.
415 2031 558 2108 Accedit,
581 2029 665 2115 quod
681 2030 834 2095 orationis
856 2030 950 2094 etiarn
966 2047 1067 2112 genus
1085 2027 1201 2094 habent

154 2151 291 2218 tortasse
319 2147 433 2219 subtile
459 2156 490 2214 et
511 2157 596 2214 certe
618 2157 754 2224 acutum,
783 2146 841 2212 sod
862 2154 895 2212 ut
915 2148 948 2210 in
970 2157 1095 2213 oratore
1117 2146 1199 2213 erile
1225 2152 1229 2157 ’

154 2269 336 2333 inusitatum
361 2264 534 2331 abhorrens
568 2263 608 2329 ab
637 2264 766 2329 auribus
793 2263 881 2347 vulgi
912 2262 1080 2351 obscurum
1105 2265 1199 2328 inane

155 2385 293 2447 ieiunum
316 2385 367 2461 [ac
391 2391 497 2446 tamen
521 2382 591 2445 eius
617 2380 718 2457 modi,
746 2398 807 2464 quo
833 2379 877 2444 uti
904 2378 946 2444 ad
971 2379 1085 2462 vulgos
1111 2377 1199 2447 nullo
1286 2465 1290 2487 Ι

160 2612 202 2667 76.
216 2610 258 2666 73.
273 2611 314 2667 76
328 2610 372 2667 86.
390 2611 460 2666 vict.
480 2628 534 2681 quo
548 2610 621 2664 iacto
635 2612 687 2665 etsi
704 2611 807 2664 arctior
819 2608 852 2664 fit
871 2618 898 2664 et
916 2609 1031 2663 tortasse
1049 2606 1216 2681 elegantinr'

157 2698 306 2751 verborum
324 2713 470 2768 compages
488 2700 615 2750 tocttom
632 2702 772 2766 tanquam
790 2698 974 2765 mysterium,
992 2691 1148 2767 ἀπ’ῤῥηιον
1165 2695 1202 2755 ὠς

57 2770 62 2778 ’
157 2777 318 2856 μυστήριον,
336 2789 427 2835 tamen
444 2799 505 2834 eum
520 2798 574 2834 non
589 2781 708 2847 addicat,
725 2781 770 2849 qui
785 2779 830 2833 hic
847 2779 1009 2849 optimorum
1027 2781 1103 2834 solos
1120 2798 1201 2850 opem
1267 2804 1269 2807 ·

157 2868 226 2933 sert,
251 2866 300 2937 ng.
320 2865 377 2932 32,
399 2867 524 2935 recipere
542 2881 597 2919 non
615 2865 713 2920 audeo.
730 2894 766 2905 —
790 2865 914 2938 optimo]
936 2870 1054 2937 optumo
1077 2864 1147 2920 vict.
1166 2894 1202 2904 —

154 2940 359 3025 persuaserint
375 2980 411 2991 —
426 2951 582 3022 poterant]
602 2957 818 3024 persuaserunt
839 2947 890 3021 Lg.
911 2948 950 3003 lt.
974 2948 1136 3005 2671167.
1156 2949 1200 3007 66.

152 3040 369 3114 persuaserant
384 3034 416 3087 81
436 3053 505 3091 corr.
536 3035 761 3108 potoe'rmotit).
779 3033 821 3090 69.
843 3034 883 3089 76.
902 3035 943 3089 76.
962 3030 1005 3088 81.

243 3135 344 3192 XVlll.
379 3135 422 3192 65.
458 3140 607 3206 mactant]
624 3144 768 3206 aeqroeuot
785 3136 834 3208 Lg.
848 3138 883 3190 81
897 3154 968 3192 corr.
982 3164 1018 3177 -
1038 3139 1076 3189 iio
1095 3135 1200 3204 babeo]

158 3221 255 3277 abbis
273 3220 366 3275 babeo
386 3222 438 3277 Go.
454 3222 516 3279 17.
533 3222 583 3294 ng.
601 3224 713 3292 aliquot.
727 3251 762 3263 —-
779 3223 936 3292 uterumque]
953 3221 998 3273 lrlc
1011 3222 1090 3290 plora
1103 3220 1201 3274 affecta

158 3308 300 3373 videntur,
323 3307 358 3359 dc
380 3305 478 3376 quibus
501 3308 529 3361 ln
547 3308 774 3379 explicationibus
790 3307 890 3361 dicam.
909 3322 944 3349 -»-‘
973 3303 1043 3369 boo,
1066 3322 1152 3374 poem
1166 3333 1201 3345 —-

160 3409 260 3447 ommes
285 3392 351 3462 pot]
375 3391 445 3445 haec
470 3409 522 3446 our.
547 3392 713 3463 1566-
741 3409 799 3444 ooo
818 3390 893 3456 slot]
919 3402 978 3443 oon
998 3396 1066 3442 suot
1088 3388 1139 3459 Lg.
1157 3388 1200 3444 20.

159 3467 1202 3550 m—mmmeffimmmmmmffiQ

160 3561 211 3615 Gn.
228 3560 250 3621 l,
276 3564 459 3616 coactionem
475 3561 518 3618 67.
535 3594 567 3603 -
587 3562 699 3630 assint]
718 3561 767 3627 sic,
784 3575 840 3613 non
854 3558 965 3623 adstat,
983 3558 1032 3629 ng.
1048 3558 1088 3616 15.
1104 3559 1144 3615 20.
1158 3562 1201 3615 3⁴2.

159 3653 264 3702 assunt
282 3645 334 3700 Gn.
354 3645 378 3700 l.
507 3688 510 3695 ,

153 3804 156 3809 ,
245 3745 288 3801 66.
324 3746 457 3815 accedit]
481 3747 594 3802 accidit
616 3746 667 3817 hg.
691 3745 724 3799 nl
743 3760 815 3800 corr.
838 3776 869 3785 -
900 3751 936 3798 ot
958 3750 989 3799 io
1012 3748 1142 3814 oratore]
1168 3753 1202 3801 ot
1298 3712 1301 3719 ¹

154 3837 213 3886 om.
228 3830 279 3901 Lg,
290 3830 317 3885 6.
330 3829 373 3885 20.
382 3860 419 3870 —
435 3847 472 3885 uo
485 3833 596 3900 tamon]
611 3832 730 3902 Vulgata
747 3831 883 3900 scriptura
895 3837 1029 3884 attamen
1044 3832 1084 3884 sic
1100 3839 1202 3885 mutata

158 3924 201 3970 est
220 3934 238 3968 a
249 3912 347 3971 Muell.
361 3912 410 3973 Or.
426 3915 509 3971 llenr,
527 3917 563 3970 de
575 3916 719 3971 Goerenzii
732 3917 888 3986 suspicione
902 3916 950 3985 (acl
963 3914 995 3970 ll.
1010 3916 1068 3972 l'in.
1084 3915 1124 3980 18,
1135 3914 1201 3981 57),

158 4000 324 4070 firmantque
341 4019 401 4055 eam
419 4001 508 4058 llavn.
524 4001 546 4058 l.
565 4004 591 4057 6.
613 4002 663 4056 Gur.
676 4001 702 4055 2.
726 4000 775 4072 ing.
791 4001 831 4055 17.
849 4000 910 4066 81,
934 4002 956 4054 si
975 3998 1129 4054 confirmari
1148 3998 1201 4050 dici

158 4086 262 4155 aliquid
280 4096 388 4156 potest,
412 4085 487 4154 qood
504 4104 613 4157 semper
632 4103 713 4140 unrrnr
731 4087 881 4139 alterumve
899 4074 994 4139 testem
1012 4081 1103 4135 babet.
1140 4079 1202 4133 Nec

160 4177 310 4245 attamen,
341 4188 431 4243 noque
460 4187 498 4227 ac
521 4178 635 4236 tameo,
665 4188 755 4243 neque
777 4168 942 4229 Olslrauseni
966 4165 1123 4223 coniectura
1149 4170 1203 4221 aut
