2876 4612
286 304 376 375 m
677 301 930 371 CICERONIS

332 470 412 536 Tum
428 486 535 551 paror
560 474 748 553 sapientiam
769 491 891 538 amnuo
910 475 957 538 mi
979 476 1183 542 reanimato
1208 482 1347 556 earcuo
1401 531 1403 568 z

911 585 987 639 tat·

328 673 415 737 ,diter
435 646 604 736 terribilem
624 676 768 737 minatur
789 675 872 738 ottae
893 623 1067 738 cruciatum
1090 684 1128 739 et
1154 692 1288 747 necem,

331 772 419 847 (tuae
445 788 534 833 nemo
557 780 601 834 est
622 781 687 834 tom
707 776 798 851 firmo
820 775 943 850 irrorato
966 784 994 838 et
1015 784 1111 839 tauta
1138 774 1347 856 confidentia,

331 871 418 946 Quin
446 870 581 950 retentat
609 870 717 933 timido
739 872 892 950 sanquine
918 880 1010 951 atque
1036 874 1240 937 eratbescat
1261 884 1347 935 metu.

285 1018 382 1086 Aliud
412 1020 480 1093 vis,
513 1026 687 1082 contentam
717 1017 885 1084 vehemens
917 1019 1081 1103 imminens
1116 1019 1277 1106 quadam
1307 1018 1348 1081 in-

237 1204 244 1221 „
286 1138 433 1202 citatione
455 1135 639 1217 grammis:

328 1254 447 1321 Rerum
472 1249 614 1331 Thyestes
636 1251 765 1315 Atreum
786 1261 985 1315 attrectatum
1006 1254 1159 1327 aduenit,
1193 1279 1199 1285 ·

328 1354 448 1435 Iterum
468 1353 534 1412 iam
555 1352 736 1430 accreditur
755 1369 803 1414 rue
824 1361 852 1415 et
874 1354 1011 1432 quietum
1032 1354 1236 1416 exsuscitat.

223 1486 227 1491 ·
328 1453 438 1517 Maior
458 1452 534 1515 mita
555 1451 664 1522 mutes,
687 1453 791 1513 maius
812 1452 1002 1514 miscendum
1023 1462 1067 1516 est
1087 1454 1245 1524 malum,

331 1551 394 1627 Qui
415 1551 501 1613 iltius
523 1550 668 1613 acerbum
688 1569 743 1613 cor
765 1551 955 1615 contundam
975 1561 1005 1616 et
1026 1554 1263 1632 comprimam.
1284 1584 1287 1590 ·

286 1804 340 1840 nnn
354 1784 461 1857 syllaba
477 1783 662 1853 pronuntiato.
676 1814 712 1824 —-
730 1787 775 1839 mi
787 1783 972 1851 exanimato]
988 1783 1067 1838 mttt
1079 1802 1127 1838 em.
1147 1782 1231 1838 vict.
1251 1782 1301 1853 Lg.
1313 1780 1335 1834 3.

285 1872 310 1925 5.
326 1872 352 1924 6.
372 1871 413 1922 14.
433 1870 472 1923 15.
493 1868 533 1924 16.
554 1868 594 1924 17.
612 1869 654 1922 36.
670 1868 713 1923 31.
731 1869 773 1921 33.
791 1869 834 1923 35.
853 1868 895 1921 65.
914 1869 956 1923 67.
977 1869 1019 1938 69.
1038 1869 1079 1923 70.
1099 1869 1142 1924 73.
1164 1870 1213 1923 76.
1235 1867 1279 1920 81.
1297 1864 1333 1917 93,

285 1959 426 2007 exanimo
438 1954 480 2006 34.
499 1951 565 2005 inde
578 1969 616 2005 ea
630 1957 730 2007 animo
744 1951 839 2023 Stepb.
852 1952 923 2006 Vter.
938 1953 998 2007 Ata.
1011 1952 1079 2007 lunt.
1095 1951 1180 2008 Man.
1196 1950 1333 2006 Lansb-

285 2036 475 2108 expectorat]
500 2041 690 2106 eumectarot
712 2055 734 2089 s.
758 2043 935 2108 eapectarat
957 2036 1075 2107 Lg.v1‚
1099 2054 1225 2105 quorum
1244 2042 1286 2087 est
1301 2032 1331 2094 4.,

284 2122 348 2177 item
365 2117 454 2172 (16.3.
475 2149 505 2158 -
525 2120 612 2185 alter]
630 2136 682 2172 om.
703 2119 751 2189 Lg.
767 2120 792 2172 3.
810 2122 834 2174 4
855 2118 895 2174 13.
914 2121 948 2173 34
960 2121 1023 2175 add.
1041 2121 1076 2175 33
1088 2121 1152 2174 add.
1174 2120 1223 2174 36.
1242 2117 1292 2170 Gn.
1306 2113 1327 2167 3.

230 2249 234 2261 .
285 2203 342 2256 Sed
371 2219 406 2256 ex
430 2202 532 2255 eisdem
559 2206 670 2272 praeter
693 2205 717 2258 4.
746 2204 842 2274 scripsi
866 2208 1000 2258 mtnatar
1026 2222 1078 2275 pro
1102 2206 1283 2271 minitatur.
1300 2226 1329 2236 -

284 2305 399 2352 mecam,
419 2288 506 2358 quae]
529 2287 856 2359 necentquebg.XV1,
881 2288 1013 2342 bonorum
1035 2289 1195 2343 661166-
1228 2281 1326 2340 timida

285 2374 438 2445 sanquine]
462 2372 501 2426 sie
519 2371 615 2441 scripsi
639 2389 674 2424 ex
697 2373 777 2427 codd.
797 2372 846 2443 hg.
865 2374 990 2426 omnibns
1010 2381 1121 2444 praeter
1140 2373 1203 2440 16.,
1231 2373 1259 2424 in
1278 2381 1325 2436 quo

285 2467 327 2511 est
343 2461 494 2528 saoyuten,
512 2457 575 2509 item
595 2473 630 2508 ex
645 2455 697 2511 Gn.
714 2459 808 2524 tribus,
826 2466 854 2510 et
869 2458 898 2511 id
915 2467 1024 2511 ceteros
1041 2458 1121 2510 etium
1139 2457 1247 2521 bonos,
1265 2450 1324 2504 VSt·

284 2541 315 2595 Z.
339 2540 397 2595 Eri.
428 2540 558 2594 exbibete
582 2540 731 2594 verisimile
755 2549 804 2595 est.
852 2540 935 2599 Quod
958 2540 1155 2607 circumfertur,
1187 2548 1323 2609 conqueri,

283 2625 425 2679 molestum
444 2635 485 2679 est
507 2633 621 2694 propter
639 2624 735 2677 dtrrum
751 2625 892 2678 transitum
909 2643 926 2678 a
943 2627 1073 2696 sanguine
1092 2627 1128 2678 nd
1147 2625 1324 2679 exalbescer-

225 2748 227 2753 -
283 2718 338 2763 tem
356 2719 444 2773 metn3
469 2710 496 2761 in
514 2718 610 2762 nostro
626 2710 760 2778 scripturn
782 2709 892 2778 elegans
910 2710 988 2762 simul
1006 2710 1172 2779 metonymia
1195 2710 1275 2763 inest.
1289 2726 1321 2741 ·-

284 2794 462 2859 contentum]
481 2797 661 2846 concitatum
683 2793 732 2862 ng.
751 2791 776 2846 3.
794 2793 894 2846 5c0rr.
916 2792 957 2845 16.
975 2792 1017 2847 36.
1035 2793 1077 2848 31.
1096 2794 1138 2847 67.
1158 2792 1202 2848 70.
1223 2790 1264 2844 73.
1283 2782 1321 2837 76·

281 2876 320 2930 ita
340 2894 410 2930 corr.
430 2877 471 2930 33.
492 2885 519 2928 ει
534 2875 576 2930 33.
596 2906 632 2916 -
657 2876 828 2947 qraottatt's]
847 2882 947 2947 arants
963 2875 1013 2947 Lg.
1033 2877 1057 2931 3.
1080 2877 1119 2930 13.
1135 2876 1170 2928 33
1188 2892 1260 2930 corr.
1279 2865 1317 2922 35·

283 2960 334 3011 Gn.
351 2959 376 3014 3.
401 2977 492 3029 arnae
510 2965 539 3010 et
556 2959 638 3012 breue
656 2962 680 3014 4.
710 2961 793 3013 breue
808 2977 899 3031 orave
915 2960 950 3012 34
967 2978 1039 3013 corr.
1056 2991 1092 3001 —
1116 2949 1317 3015 attrectatum]

282 3047 445 3093 attractum
462 3059 484 3093 s.
504 3042 690 3106 adtractum,
708 3044 905 3108 adtractum,
924 3051 1074 3098 retractum
1091 3045 1217 3115 plerique
1234 3035 1318 3097 codd-2

282 3126 363 3176 etiam
380 3123 446 3175 boni
463 3122 519 3177 Erl.
544 3121 594 3195 Lg.
612 3127 637 3180 4.
656 3126 698 3180 33.
718 3128 759 3181 36.
778 3148 822 3198 y.,
844 3146 925 3182 sensu
943 3129 1026 3195 nulio.
1064 3135 1130 3182 ater
1148 3132 1242 3182 ettam
1260 3129 1316 3175 tvm

280 3206 323 3275 35.
342 3207 383 3261 70.
420 3207 496 3261 alter
513 3212 605 3262 ettam
623 3216 686 3262 tum
703 3210 764 3268 Pal.
782 3213 807 3267 6.
827 3214 867 3278 7.,
890 3213 962 3266 unde
981 3213 1106 3266 Lambini
1123 3211 1243 3282 suspicio
1261 3220 1316 3260 nte·

260 3309 348 3346 «eum
373 3290 564 3357 altercatum,
588 3294 679 3347 deleto
701 3294 839 3358 Atreumr
863 3297 1032 3367 ingeniosior
1052 3297 1114 3361 iiia,
1137 3311 1218 3364 qnam
1239 3301 1312 3348 verat

280 3393 337 3431 non
356 3378 426 3429 enim
444 3378 478 3429 de
495 3378 673 3431 altercatione
693 3387 721 3431 et
739 3378 813 3444 rixa,
835 3379 885 3431 sed
903 3381 937 3433 de
954 3380 1018 3433 doio
1037 3390 1064 3433 et
1081 3379 1184 3432 insidiis
1202 3397 1220 3431 a
1235 3377 1313 3430 fratrc

279 3461 389 3512 structis
406 3461 505 3515 Atreus
528 3460 656 3530 queritur.
692 3462 721 3515 Si
740 3462 896 3516 consideres
916 3464 943 3516 in
963 3464 1014 3533 Gn.
1032 3463 1056 3517 3.
1079 3463 1134 3533 legi
1152 3464 1311 3516 otrttdtum,

280 3544 308 3595 in
327 3542 376 3613 Lg.
394 3544 418 3598 3.
440 3544 479 3598 13.
504 3555 531 3599 ει
547 3545 657 3599 Peardi
675 3547 706 3601 Z.
727 3545 946 3610 adtractatum,
972 3548 999 3600 in
1019 3560 1041 3616 ψ
1059 3554 1270 3608 attractatam,
1288 3540 1311 3593 111

280 3624 329 3696 Lg.
345 3626 370 3680 3.
386 3629 429 3681 67.
447 3629 674 3694 adtractatum,
693 3633 720 3683 in
737 3631 761 3684 6.
782 3636 973 3694 atrectatum,
992 3648 1049 3683 non
1064 3630 1202 3684 dubitabis
1215 3637 1312 3683 mecum

280 3711 419 3781 corrigere
443 3719 651 3778 attrectatum,
677 3714 750 3782 quod
773 3731 824 3784 pro
849 3716 988 3768 tentando
1011 3732 1066 3768 non
1087 3723 1129 3767 est
1145 3714 1310 3784 infrequens

279 3794 333 3850 boc
346 3805 436 3850 autem
451 3798 486 3849 ad
500 3799 701 3852 similitudinem
714 3799 883 3852 Graecorum
896 3803 1046 3871 πειρᾶσθαι
1060 3808 1088 3852 ει
1099 3805 1183 3869 πεῖρα
1200 3799 1234 3851 6ε
1247 3790 1311 3849 dolis

279 3897 297 3932 a
305 3884 390 3949 potita
399 3880 499 3933 dietum
509 3889 558 3935 est.
578 3881 643 3935 Non
654 3883 815 3937 adversatur
826 3884 898 3951 quod
907 3884 1006 3938 Atreus
1017 3882 1093 3937 initio
1105 3882 1140 3935 de
1150 3899 1181 3935 se
1191 3888 1309 3949 tanquan

279 3963 334 4016 nn
353 3964 479 4032 roqunur.
494 3991 529 4005 -
554 3966 615 4031 ror]
634 3983 686 4020 om.
703 3967 753 4037 ng.
767 3968 793 4020 n.
810 3966 850 4020 13.
870 3952 978 4023 sn'auu.
997 3967 1039 4035 oo.
1060 3967 1112 4022 uu.
1127 3968 1151 4022 a.
1176 3968 1309 4040 norrun

282 4046 321 4100 15.
340 4047 382 4101 34.
400 4048 442 4102 86.
457 4077 492 4087 -
511 4049 697 4115 contundam]
715 4050 891 4121 contendam
907 4052 957 4123 Lg.
972 4053 998 4106 3.
1013 4054 1038 4106 4.
1059 4052 1098 4107 13.
1114 4049 1156 4105 36.
1177 4049 1229 4106 Ga.
1247 4047 1272 4105 3.,

267 4200 270 4207 λ
365 4130 424 4184 319.
460 4131 538 4194 lene,
557 4134 699 4200 tenerum]
723 4132 786 4188 tene
810 4151 863 4190 om.
882 4134 932 4207 ug.
952 4137 977 4192 3.
995 4137 1021 4192 4.
1041 4135 1080 4191 13.
1098 4134 1141 4191 34.
1158 4133 1201 4189 33.
1220 4133 1262 4189 36.
1279 4126 1305 4182 Ζ·
