2958 4584
258 289 358 361 Μ
660 284 916 352 CICERONIS

259 455 434 543 plusculum
450 457 570 539 negotii
592 465 649 532 est,
672 455 857 520 iudiciorum
879 465 971 540 atque
987 454 1087 520 litium
1107 456 1226 536 (riserit
1238 457 1310 524 nli·

259 575 330 659 quis
351 572 487 638 fortasse
510 571 570 638 hoe
591 582 803 659 praeceptum
831 583 880 638 est
906 574 990 637 enirn
1014 592 1078 638 non
1098 583 1162 656 turn
1183 585 1309 645 acutum

262 710 356 776 quern
385 691 613 756 necessarium¹
628 686 792 775 magisque
820 691 982 755 monitoris
1008 690 1185 775 enniani,
1214 712 1311 783 quarn

260 800 373 876 eruditi
395 808 568 890 magistri):
597 805 659 872 boc
679 809 710 872 ei
730 809 861 894 primunr
881 808 1124 893 praecipiemus,
1151 828 1310 893 quancun-

185 935 190 949 ‘
260 944 320 1013 qne
348 944 464 990 causas
487 926 546 989 erit
568 933 769 1001 tractaturus,
796 934 829 989 ut
850 943 907 990 eas
934 924 1102 1008 diligenter
1122 927 1307 1010 penitusque

260 1052 443 1127 cognoscat
502 1041 574 1106 100.
605 1038 673 1106 Hoc
699 1042 741 1107 in·
759 1040 840 1107 lndo·
861 1061 925 1106 non
949 1043 1139 1127 praecipitur
1149 1067 1162 1119 3·
1192 1042 1307 1111 faciles

259 1163 343 1227 enitn
364 1179 482 1226 causae
505 1158 546 1223 ad
561 1177 676 1244 pueros
692 1158 881 1225 deferuntur.
924 1156 993 1224 Lex
1008 1161 1207 1245 peregrinum
1223 1171 1308 1226 vetat
1405 1150 1410 1157 “

258 1280 294 1345 in
314 1298 434 1345 inurunt
456 1276 644 1353 ascendere3
666 1276 821 1353 ascendit,
843 1273 943 1343 bostis
966 1276 1107 1362 reppulit,
1130 1288 1306 1344 accusetur.

259 1393 347 1461 Nihil
372 1405 421 1460 est
447 1396 567 1478 negotii
594 1395 662 1459 eius
683 1393 768 1458 modi
795 1413 924 1459 causam
949 1414 1154 1478 cognoscere.
1209 1393 1306 1462 Recte

165 1547 171 1557 ι
259 1514 356 1596 igitur
384 1511 464 1577 mntl
496 1512 533 1576 de
564 1525 663 1579 eausa
686 1511 840 1577 discenda
865 1514 1068 1598 praecipiunt.
1123 1510 1227 1591 [Haec
1257 1524 1308 1581 est

260 1632 345 1697 enirn
371 1628 500 1697 inludo
528 1647 694 1695 causarum
720 1628 787 1694 iere
815 1628 971 1707 formula]
1007 1629 1058 1697 'At
1078 1650 1154 1696 vero
1181 1631 1214 1694 in
1230 1630 1305 1699 »soro

261 1747 388 1814 tabulae
410 1747 590 1823 testimonia
610 1755 704 1831 pacta
725 1756 878 1812 conventa
904 1745 1120 1833 stipulationes
1143 1749 1307 1832 cognatio·

258 1885 319 1933 nco
337 1863 509 1959 'affinitates
537 1863 665 1929 decretu
685 1874 840 1949 responsa
861 1865 927 1929 vita
947 1864 1081 1949 deniqne
1104 1881 1225 1943 eorum,
1253 1867 1306 1950 qui

258 1985 294 2050 in
316 1995 421 2062 cause·
435 1991 610 2057 versantur,
632 1991 697 2046 tota
712 1967 941 2065 ‘cognoscenda
961 1991 1028 2058 est;
1050 2001 1181 2068 quarum
1202 2003 1305 2049 rernm

174 2122 180 2128 ’
257 2100 461 2185 neglegentia
486 2098 652 2184 plerasque
685 2117 800 2163 causas
833 2108 864 2163 et
894 2101 1027 2164 menime
1054 2077 1195 2185 privatas
1222 2102 1306 2180 (sunt

259 2216 458 2283 enim‘nrnlto
481 2233 578 2303 saepe
602 2214 815 2297 obscuriores)
843 2215 984 2281 videmus
1007 2218 1127 2284 amitti.
1159 2216 1231 2281 161.
1258 2214 1307 2283 lta

257 2431 362 2485 Melius
378 2441 437 2485 erat
455 2449 540 2502 prtem
551 2431 692 2502 fingimus
711 2432 787 2502 qnasi
803 2442 867 2485 ente
881 2432 1110 2486 considerantium
1128 2432 1223 2486 oculos
1242 2449 1306 2485 con·

259 2516 412 2570 stitnentes.
423 2545 459 2558 —-
477 2521 581 2570 riserit
593 2516 714 2586 clipeis]
733 2521 858 2571 riserint
870 2517 965 2586 aliqui
981 2516 1030 2589 Lg.
1046 2517 1080 2570 32
1093 2533 1164 2572 corr.
1189 2516 1306 2588 aliquid

256 2601 310 2656 Gn.
329 2601 354 2655 3.
373 2630 408 2641 -
439 2617 498 2654 non
516 2599 592 2670 tant]
610 2604 707 2671 mopir
724 2600 775 2672 Lg.
796 2601 835 2655 15.
868 2618 926 2655 noo
946 2618 998 2654 orn.
1015 2601 1057 2655 20.
1074 2632 1110 2641 -
1135 2599 1303 2670 boc'enim]

256 2685 314 2740 boc
332 2691 361 2739 et
383 2685 433 2756 Lg.
452 2703 561 2751 ornnes,
585 2685 655 2739 tuci.
681 2686 732 2739 Gn.
754 2686 776 2740 1.
795 2685 820 2739 6.
839 2685 862 2740 3.
888 2686 1013 2739 usitatum
1039 2686 1147 2754 quidem
1165 2687 1304 2752 mendum,

258 2771 309 2825 red
331 2770 405 2840 qnod
428 2771 455 2823 in
479 2770 626 2840 plerosque
651 2779 741 2822 tomen
765 2769 1006 2840 codd-irrepsisse
1025 2770 1139 2822 initeris.
1167 2800 1197 2808 -
1231 2769 1304 2839 erit]

258 2872 312 2908 om.
332 2853 383 2924 Lg.
401 2855 425 2909 5.
452 2855 492 2908 ld.
514 2854 554 2908 15.
575 2854 617 2908 61,
635 2853 677 2907 23.
698 2855 741 2908 65.
761 2854 804 2908 67.
840 2859 900 2907 eris
924 2854 975 2907 Gn.
994 2854 1019 2907 3.
1037 2853 1303 2923 -.ιίναοΐαίιιηιε]

256 2938 357 2994 lectius
375 2939 428 2992 boc
445 2939 600 3008 scripsimus
620 2938 768 2991 secundnm
785 2938 837 2991 Gn.
851 2938 876 2991 3.
893 2938 944 3008 Lg.
959 2938 984 2992 2.
998 2941 1022 2992 1.
1041 2938 1079 2992 13.
1098 2938 1131 2991 32
1143 2957 1169 2992 r.
1183 2956 1208 2993 n.
1222 2947 1240 2992 t.
1259 2939 1303 2993 36.

259 3023 405 3094 Vulgntnrn
423 3030 546 3076 acturos
561 3023 719 3092 interpretis
735 3031 785 3075 est.
796 3053 832 3063 —-
850 3023 1019 3094 cognoseat]
1038 3040 1197 3094 cognosces
1215 3022 1266 3075 Gn.
1278 3023 1303 3078 3.

346 3108 402 3165 ltin.
440 3107 599 3161 escendere
621 3114 649 3159 et
673 3116 736 3176 post
758 3108 892 3160 escendit
914 3106 964 3177 ng.
984 3124 1079 3160 omnes
1105 3117 1214 3179 praeter
1234 3108 1258 3160 3.
1276 3108 1302 3163 d.
1361 3100 1370 3109 .

259 3190 285 3246 5.
300 3191 325 3246 6.
341 3192 383 3247 20.
398 3193 440 3247 21.
453 3191 495 3246 61,
521 3183 747 3244 matrimonium
763 3194 827 3260 (pro
842 3194 869 3244 in
883 3196 1013 3257 metrum)
1036 3191 1087 3245 Gn.
1099 3192 1124 3245 3.
1140 3222 1176 3231 -
1195 3186 1304 3261 bostis]
1333 3236 1338 3257 ,

260 3277 357 3347 scripsi
375 3277 524 3331 secundum
542 3275 592 3346 Lg.
610 3275 710 3330 icorr.
728 3277 752 3330 6.
774 3276 813 3331 13.
832 3275 866 3328 32
884 3276 957 3328 corr.⁸
972 3275 1012 3329 36.
1041 3275 1156 3329 bostem
1173 3276 1198 3330 3.
1230 3275 1304 3328 bost’

255 3361 300 3414 61.
320 3359 527 3433 -⁸rcpapnlil]
551 3362 590 3413 sic
613 3359 664 3430 Lg.
687 3361 711 3414 5.
737 3359 777 3413 13.
803 3360 843 3413 15.
870 3359 975 3413 loni.
1000 3359 1041 3414 23.
1063 3359 1105 3427 36.
1129 3360 1172 3413 36.
1197 3359 1239 3414 65.
1259 3360 1302 3414 67.
1333 3390 1338 3396 ⁷

259 3445 300 3499 76.
321 3445 363 3498 73.
390 3447 427 3499 ito
450 3461 521 3513 corr.
544 3444 587 3499 32,
623 3445 671 3497 stc
695 3453 722 3497 et
746 3444 862 3498 rettulit
886 3454 914 3498 et
937 3449 1071 3516 repperit
1093 3444 1234 3498 codicibus
1258 3444 1304 3496 ad·

258 3528 411 3582 dicentibus
441 3527 630 3593 scribendnnt3
662 3529 721 3582 sine
750 3527 824 3581 libris
853 3530 932 3581 unice
963 3528 1134 3598 probandum
1166 3546 1222 3582 non
1253 3537 1303 3584 est.
1335 3560 1347 3574 ι

258 3613 401 3683 Leguntnr
417 3613 488 3665 haec
505 3614 531 3666 in
551 3613 575 3665 V
578 3631 631 3666 err.
646 3611 677 3665 11.
692 3612 734 3678 23,
748 3612 791 3666 96.
813 3613 856 3678 36,
866 3612 910 3666 68.
931 3613 973 3678 55,
990 3612 1046 3667 inl.
1069 3631 1094 3682 p.
1110 3613 1189 3667 Sulla
1207 3614 1249 3677 lt,
1261 3613 1303 3667 46.

261 3696 302 3762 16,
320 3698 362 3749 di.
382 3698 428 3749 nbi
447 3695 567 3751 Orellins
585 3694 651 3750 nibil
668 3698 788 3761 monnit3
812 3692 859 3762 30‚‘
872 3697 914 3751 83.
939 3695 982 3763 32,
998 3697 1042 3750 61.
1065 3697 1130 3750 Dtv.
1144 3696 1220 3752 xiv.
1235 3699 1261 3763 3,
1278 3697 1303 3753 8.

259 3781 314 3834 Att.
334 3780 379 3834 lll.
401 3781 449 3847 15,
468 3780 490 3833 l.
515 3782 586 3835 infre
603 3780 635 3835 11.
658 3781 706 3846 dt,
725 3780 784 3834 271.
826 3781 882 3834 Sed
909 3798 977 3834 nnus
1000 3783 1106 3835 alterve
1130 3781 1201 3834 liber
1224 3781 1304 3833 etiam

164 3910 170 3913 .
255 3864 318 3917 taliis
332 3865 400 3917 locis
420 3864 547 3931 exlribet3
567 3884 592 3920 v.
606 3864 639 3918 11.
653 3864 697 3930 ab,
710 3864 768 3919 127.
794 3863 910 3930 38,156.
937 3866 980 3930 67,
993 3864 1052 3917 271.
1069 3894 1105 3903 -
1125 3869 1189 3933 eins
1206 3862 1304 3934 moni]

258 3947 354 4015 scripsi
377 3955 486 4000 secutus
509 3948 558 4017 hg.
585 3948 610 4000 2.
633 3949 657 4003 3.
684 3949 722 4002 13.
748 3949 791 4002 ab.
809 3949 850 4003 36.
877 3949 959 4018 vulgo
980 3947 1158 4003 beremundi.
1183 3979 1213 3989 -
1238 3946 1305 4016 fere

256 4028 403 4098 formula]
426 4031 482 4084 inv.
508 4030 558 4099 Lg.
578 4031 603 4082 2.
622 4033 639 4082 4
657 4033 698 4098 (is
712 4031 792 4101 fore)
816 4033 841 4085 6.
866 4032 906 4086 lu.
933 4032 968 4085 at
987 4050 1058 4093 corr.
1083 4033 1125 4087 32
1149 4032 1208 4097 ed,
1234 4049 1305 4101 qnos

255 4113 381 4180 quemvis
399 4113 519 4182 optimos
539 4114 567 4167 in
586 4114 635 4166 tuli
651 4116 742 4183 posita
766 4115 917 4184 particulae
939 4118 1018 4188 sequi
1039 4133 1095 4171 uon
1114 4116 1209 4171 ausim.
1246 4116 1306 4173 Son
