2942 4608
232 276 358 395 ,446
662 306 918 417 nicanoris
981 352 990 363 1·
1070 322 1077 364 ε

261 486 393 571 possunt
412 477 449 563 :ot
476 481 587 545 summi
607 477 737 546 labores
763 483 864 546 nostri
886 497 1002 564 magna
1022 483 1223 571 oqrnpensqti
1239 482 1314 569 gloz

230 602 238 700 l
262 603 313 667 ria
334 601 530 683 mitigantur:
557 615 725 684 pergamus
749 599 791 663 ad
812 617 852 664 ea
874 597 1004 675 solatia,
1027 617 1107 684 quae
1129 618 1194 665 non
1216 601 1313 667 modo

264 718 383 785 sedatis
400 715 553 782 molestiis
574 716 719 793 ineunda,
742 715 909 782 sedetiam
929 714 1132 782 haerentibus
1155 716 1315 784 salutaria

263 835 357 902 nobis
379 853 454 909 esse¹
472 830 616 920 possunt,
644 852 879 919 sermonemque
900 830 938 898 L.
963 810 1073 898 Crassi
1094 833 1248 919 reliquum
1269 855 1311 901 ae

263 972 363 1041 paene
377 945 575 1037 ‘postrenum
592 953 771 1016 memoriae
784 950 952 1037 prodamus
980 960 1072 1036 atque
1095 952 1142 1029 ei,
1171 954 1232 1033 etsi
1241 972 1311 1027 ,ne-

264 1088 420 1155 quaquam
437 1087 545 1154 parem
563 1067 650 1132 illius
667 1061 805 1151 ing‘enio,
828 1077 861 1132 at
880 1071 939 1154 pro'
958 1077 1066 1134 nostro
1087 1078 1193 1134 tamen
1208 1069 1310 1136 studio

185 1158 189 1171 .
263 1190 406 1255 meritam
427 1187 563 1270 gratiam
584 1184 781 1271 debitamque
802 1185 987 1251 referamus.
1023 1185 1074 1250 16.
1096 1183 1205 1273 Neque
1228 1189 1312 1253 eninr

266 1300 431 1394 quisquam
439 1279 594 1380 nostrum
617 1322 687 1369 sum
702 1286 803 1369 libros
818 1301 960 1369 Platonis
976 1303 1163 1393 mirabiliter
1178 1308 1311 1392 scriptus
1337 1388 1340 1393 Ι
1446 1356 1447 1361 η

264 1424 357 1508 legit,
383 1425 417 1488 in
444 1420 555 1508 quibus
582 1419 725 1486 omnibus
751 1421 818 1487 iere
843 1416 994 1519 §oprates
1016 1424 1209 1513 exprimitur,
1237 1443 1309 1501 non,

266 1559 444 1627 quanquam
469 1537 528 1603 illa
549 1540 666 1626 scripta
691 1548 761 1605 sunt
783 1538 945 1619 divinitus,
970 1549 1075 1606 tamen
1095 1531 1198 1606 maius
1221 1539 1310 1627 qnid-

265 1659 339 1726 dam
361 1657 400 1723 de
421 1656 488 1733 illo,
511 1655 631 1742 dequo
654 1659 772 1744 scripta
793 1666 872 1735 sunt,
895 1660 1079 1744 suspicatur.
1123 1656 1216 1737 Quod
1236 1663 1309 1724 item

237 1780 326 1844 'nos
355 1772 568 1862 postulamus,
604 1793 668 1841 non
703 1795 724 1840 a
753 1785 784 1841 te
817 1776 960 1861 quidem,
997 1778 1050 1862 qui
1079 1774 1172 1841 nobis
1205 1779 1310 1842 omnia

241 1901 389 1978 isumma
407 1891 529 1969 tribuis,
553 1891 610 1957 sed
632 1895 794 1971 aeeteris,
816 1895 870 1978 qui
890 1885 971 1959 haee¹
993 1895 1027 1958 in
1047 1905 1158 1959 manus
1181 1904 1308 1974 sument,

266 2021 300 2078 ut
320 2012 422 2076 maius
445 2008 593 2093 quiddam
614 2008 653 2075 de
674 2006 712 2074 L.
737 2007 870 2088 Crasso,
893 2030 986 2097 quam
1007 2021 1154 2097 quantum
1177 2032 1197 2078 a
1217 2007 1308 2079 nobis

266 2129 463 2221 exprimetur,
485 2127 689 2219 suspicentur.
732 2124 872 2193 161166
895 2130 992 2206 enim,
1015 2132 1068 2215 qui
1088 2131 1150 2215 ipsi
1174 2131 1309 2196 sermoni

238 2256 330 2352 pinon
355 2236 606 2312 interfuissemus
631 2253 662 2309 et
684 2244 795 2330 quibus
819 2243 853 2310 C.
876 2243 968 2311 Cotta
987 2248 1199 2314 tantummodo
1219 2247 1307 2333 locos

113 2416 118 2421 .
237 2362 307 2433 iao
333 2362 505 2429 sententias
531 2359 623 2427 huius
645 2361 862 2450 disputationis
887 2364 1083 2457 tradidisset,
1112 2385 1173 2452 quo
1199 2368 1233 2432 in
1253 2386 1308 2452 ge-

267 2597 319 2653 Gu.
334 2598 361 2653 3.
381 2596 432 2669 Lg.
451 2605 562 2667 praeter
577 2598 640 2652 illos
658 2597 727 2653 duos
745 2615 848 2676 omnes.
869 2630 900 2640 -
924 2599 1063 2671 postumi]
1081 2601 1198 2670 possint
1215 2598 1265 2669 Lg.
1282 2597 1308 2655 2.

267 2687 293 2741 3.
313 2687 338 2741 4.
358 2686 382 2738 5.
401 2684 427 2739 6.
448 2682 488 2739 13.
510 2682 550 2735 15.
569 2683 610 2738 16.
629 2682 670 2737 17.
688 2682 731 2736 11.
748 2684 791 2738 14.
810 2685 853 2741 67.
871 2685 913 2740 69.
933 2684 975 2739 79.
994 2686 1035 2740 73.
1054 2683 1097 2739 81.
1116 2683 1159 2738 86.
1183 2685 1223 2738 ita
1239 2699 1309 2739 corr.

266 2769 309 2824 13.
327 2768 370 2822 31.
383 2766 427 2823 36.
439 2796 475 2807 -
494 2766 563 2838 etsi]
581 2767 679 2838 Nuper
695 2768 876 2838 placebat-si,
895 2770 969 2839 quod
987 2778 1015 2823 et
1032 2770 1191 2838 exquisitius
1208 2778 1236 2821 et
1253 2785 1310 2822 non

267 2854 348 2907 nullis
363 2853 434 2909 loeis
452 2862 611 2922 corruptum
628 2852 739 2907 videtur
754 2872 772 2907 a
787 2855 913 2910 librariis.
944 2855 976 2908 ld
989 2855 1091 2909 babent
1104 2853 1154 2924 Lg.
1166 2853 1190 2905 2.
1203 2850 1229 2902 3.
1242 2853 1267 2903 4.
1281 2852 1309 2907 6.

224 2940 226 2947 '
270 2939 311 2993 13.
330 2939 372 2992 31.
390 2937 433 2992 36.
459 2937 518 2990 Sed
536 2945 566 2990 et
580 2938 608 2990 in
625 2954 661 2990 ea
679 2937 745 2992 abiit
763 2940 791 2992 in
808 2939 858 3010 ng.
877 2939 910 2993 81
925 2957 1006 3007 corn,
1024 2942 1052 2994 in
1070 2938 1103 2993 1ιὶ
1118 2940 1145 2992 in
1162 2937 1264 2991 2corr.
1283 2937 1310 2993 4.

266 3022 295 3077 iu
313 3020 382 3076 bule
403 3023 430 3074 in
454 3022 494 3076 13.
512 3022 570 3086 36.;
595 3021 668 3075 unde
692 3022 877 3094 intelliguntur
894 3024 1015 3088 {confusa
1038 3042 1100 3077 esse
1118 3029 1148 3076 et
1170 3029 1199 3074 et
1221 3024 1258 3075 ei.
1274 3051 1310 3063 -

268 3106 314 3178 at]
333 3123 369 3160 66
386 3106 436 3178 Lg.
451 3106 476 3160 2.
491 3107 516 3161 3.
529 3108 555 3161 4.
574 3107 614 3161 13.
634 3105 668 3160 13
682 3123 752 3161 corr.
771 3108 806 3160 14
818 3125 889 3164 corr.
907 3108 950 3164 32.
964 3108 1007 3164 36.
1024 3109 1066 3163 69.
1085 3106 1128 3160 81.
1146 3107 1190 3161 86.
1223 3113 1310 3176 utque

243 3251 246 3260 ,
266 3192 293 3247 6.
307 3218 343 3234 -
367 3194 508 3246 neemiam
523 3220 558 3229 —
575 3189 777 3262 debitumque]
800 3193 867 3247 locis
891 3194 1031 3249 confundit
1046 3192 1103 3264 Lg.
1120 3193 1147 3247 2.
1171 3191 1312 3264 postponit

266 3281 400 3349 qratiam
416 3278 442 3331 4.
763 3311 765 3315 >

355 3378 396 3432 15.
433 3376 581 3448 omnibus]
599 3394 652 3432 om.
670 3375 720 3449 Lg.
739 3379 764 3433 5.
784 3379 825 3434 14.
846 3380 886 3437 15.
906 3379 947 3433 16.
967 3379 1006 3434 17.
1025 3379 1068 3434 16.
1087 3378 1129 3433 11.
1145 3378 1188 3434 13.
1206 3379 1248 3432 14.
1266 3374 1309 3430 35.

267 3463 310 3517 65.
327 3461 369 3517 67.
388 3461 432 3516 69.
450 3462 491 3517 79.
511 3463 553 3517 73.
572 3463 613 3517 76.
632 3461 675 3517 81.
693 3462 735 3518 84.
752 3462 795 3520 86.
816 3463 867 3520 Gn.
884 3466 907 3518 1.
923 3492 958 3513 -ν
975 3480 1035 3518 non
1052 3461 1235 3535 quanquam]
1254 3476 1312 3515 non
1405 3512 1414 3533 ,

270 3563 322 3602 om.
342 3545 393 3619 Lg.
412 3549 535 3617 exceptis
553 3547 594 3603 31.
615 3546 658 3602 65.
678 3548 720 3603 79.
738 3549 779 3605 73.
804 3549 867 3617 84.,
887 3551 952 3605 item
976 3550 1028 3604 (16.
1046 3548 1071 3602 3.
1094 3550 1205 3603 vitiose.
1239 3548 1313 3599 Ante

268 3636 440 3706 suspicentur
456 3642 563 3705 ponunt
574 3633 598 3687 3.
613 3632 638 3687 6.
657 3633 698 3689 14.
718 3618 768 3688 76.’
778 3633 820 3689 93.
847 3638 1039 3707 suspicantur
1055 3634 1139 3689 multi.
1158 3662 1194 3675 —-
1211 3634 1313 3686 omnia

268 3717 399 3789 nummo]
422 3719 475 3773 boc
492 3718 582 3788 positu
599 3716 650 3788 Ing.
668 3719 793 3789 plerique
811 3727 839 3772 et
854 3719 920 3774 boni
939 3736 1048 3784 omnes3
1071 3720 1213 3773 invertunt
1229 3716 1314 3784 aliqui

268 3818 328 3856 cnm
353 3802 414 3855 edd.
438 3802 576 3872 plerisque
599 3812 662 3856 ante
684 3802 851 3859 Lambiuum.
887 3806 988 3858 omnin
1012 3821 1065 3858 our.
1085 3803 1126 3858 16.
1150 3801 1193 3857 14.
1216 3800 1259 3855 86.
1277 3827 1314 3841 ·-

270 3890 370 3941 maius
388 3886 546 3958 quiddam]
564 3889 620 3942 inv.
639 3886 689 3959 Lg.
710 3888 809 3944 17.19.
836 3893 935 3944 maius
953 3895 1002 3942 aet
1021 3887 1166 3958 quiddam
1183 3886 1234 3940 Gn.
1252 3884 1277 3940 3.

243 4023 253 4032 -
358 3987 399 4042 16.
431 3987 682 4058 interfuissemus]
698 3970 888 4057 interfuimus
901 3989 951 4061 Lg.
964 3990 1005 4045 14.
1018 4018 1055 4032 -
1074 3986 1217 4056 1666666]
1234 3986 1314 4065 lenos

270 4078 299 4124 et
320 4069 371 4141 Lg.
392 4068 491 4124 1413.
510 4070 554 4124 67.
573 4070 616 4125 69.
636 4072 678 4127 76.
696 4072 739 4127 81.
758 4100 794 4113 -
818 4074 987 4145 pleniorem
1001 4073 1112 4144 fuisse]
1136 4072 1189 4126 hue
1212 4070 1313 4141 positu,

270 4163 299 4206 nt
314 4153 463 4211 Lambinus
481 4161 509 4208 et
524 4152 657 4234 Ennaton
674 4156 824 4225 dederunt,
847 4157 899 4229 Lg.-
918 4170 1013 4214 omnes
1034 4158 1087 4214 Gn.
1105 4167 1162 4213 tres
1185 4156 1256 4212 Viot.
1276 4154 1312 4209 ul.
