2938 4590
369 373 427 441 us
456 361 896 442 onnnonunmsuu.
917 373 969 442 sn
1097 356 1204 449 ooo.

2 626 15 641 ,
126 608 130 613 .
153 545 254 631 inquit
276 542 422 623 Catulus,
449 552 480 610 et
501 562 582 629 quae
605 542 768 630 dispositio
791 542 1055 629 argumentorum,
1081 545 1114 610 in
1136 563 1212 630 qua,
1297 526 1311 549 ‘⁴

153 672 188 728 tu
209 660 290 732 milri
306 680 429 747 semper
450 661 527 726 dens
548 660 648 727 videri
671 660 767 727 solos.
811 661 883 727 180.
914 659 992 728 Vide
1015 680 1107 747 quam
1128 663 1198 739 sim,

156 779 268 865 iuquit,
297 778 375 843 deus
401 779 435 843 in
460 780 520 844 isto
547 797 678 862 genere,
707 776 828 844 Catule.
856 775 1098 845 ‘Nonvlleroule
1123 776 1199 843 milri

155 898 216 961 nisi
245 895 402 961 admonito
428 898 568 961 venisset
594 898 628 960 in
653 905 802 976 mentem3
831 906 865 961 ut
885 872 993 983 ‘possis
1020 892 1199 961 existimare

156 1032 205 1079 me
227 1013 260 1077 in
278 1014 381 1090 enin
404 1010 516 1098 qdibus
537 1032 600 1101 non
616 1032 771 1098 nunquam
794 1012 914 1100 aliquid
935 1011 1061 1079 efficere
1078 1011 1198 1087 videor,

155 1150 215 1195 usu
239 1128 343 1196 solere
366 1132 399 1195 in
421 1129 554 1195 diceudo
574 1129 627 1196 ve‘l
649 1150 727 1196 uaso
746 1133 849 1218 potins
871 1131 1040 1197 incurrere.
1076 1128 1125 1196 Ao
1145 1145 1200 1197 res

156 1247 280 1335 quidem
307 1249 382 1325 ista,
404 1250 503 1333 'mam
530 1253 605 1331 e'go,
635 1248 710 1332 quia
734 1267 798 1314 non
822 1266 948 1325 noram,
978 1249 1026 1314 sic
1052 1226 1209 1333 tauquam*

156 1367 296 1449 ignotum
315 1363 472 1432 hominem
493 1360 716 1451 praetendam,
741 1374 859 1431 tontum
879 1374 981 1453 potest
1002 1368 1035 1430 in
1056 1362 1199 1441 diceudo,

156 1492 189 1547 nt
210 1482 253 1547 nd
272 1481 459 1547 vincendum
484 1480 574 1545 nulla
593 1479 664 1566 plus
684 1482 794 1566 possit.
839 1479 903 1547 Sed
929 1491 1035 1559 tomen
1055 1478 1136 1547 milri·
1151 1480 1201 1546 vi-

157 1598 243 1664 deris
271 1607 344 1676 ante
363 1607 483 1683 tempus
511 1615 601 1661 a-me
622 1596 776 1663 rationem
799 1595 918 1664 ordinis
939 1607 971 1663 et
991 1597 1201 1683 disponenda·

157 1734 226 1780 rum
252 1733 357 1779 rerum
386 1713 570 1798 requisisse.
624 1711 697 1779 181.
729 1710 809 1778 Nom
838 1713 869 1778 si
899 1731 960 1797 ego
992 1731 1125 1779 omnem*
1138 1715 1202 1779 tim

34 1876 43 1891 .
148 1830 298 1905 xoratoris
325 1820 576 1913 inergumenos
606 1837 637 1895 et
662 1849 697 1896 ro
724 1831 877 1917 ipseper
907 1849 943 1895 se
972 1828 1204 1915 comprobando

158 1947 350 2035 posuissem,
375 1955 493 2032 tempus
516 1956 601 2012 esset
621 1947 685 2012 iam
707 1946 746 2012 de
768 1945 877 2012 ordine
901 1956 1151 2031 argumentorum
1172 1954 1203 2013 ot

159 2064 198 2130 de
221 2062 430 2130 collocatione
458 2061 577 2148 aliquid
604 2063 729 2142 dicere3
757 2064 814 2131 sed
841 2084 911 2130 oum
936 2065 999 2131 tria
1024 2065 1087 2130 sint
1110 2083 1131 2129 ιι
1152 2083 1201 2130 me

157 2293 288 2377 placeat]
305 2292 345 2348 sic
360 2292 412 2366 Lg.
429 2290 498 2362 xii,
523 2294 572 2348 sed
590 2295 755 2366 optimorum
771 2293 824 2350 soll
841 2294 897 2351 dno
917 2296 957 2352 13.
977 2295 1020 2352 31.
1057 2293 1115 2350 Sed
1132 2276 1214 2349 11171

160 2382 206 2434 olii
225 2388 252 2432 et
274 2379 325 2434 Gn.
344 2381 370 2434 3.
385 2378 503 2451 placete
529 2395 624 2433 verum
648 2380 826 2451 iuterrogatio
845 2380 965 2447 directo,
991 2397 1071 2450 quum
1092 2386 1204 2443 vocant,

159 2465 269 2518 minime
287 2472 352 2533 epto
371 2472 421 2517 est.
441 2490 478 2503 ·-
505 2460 583 2519 milti
603 2464 731 2536 semper]
755 2464 813 2522 inv,
836 2462 886 2534 Lg.
907 2463 947 2519 15.
965 2464 1009 2518 86.
1039 2461 1097 2517 Pro
1121 2468 1152 2516 tot
1176 2462 1204 2515 in

160 2550 212 2605 Gn.
230 2550 256 2604 3.
276 2547 405 2621 scribitur
421 2549 479 2601 oio.
905 2572 911 2587 .

250 2649 308 2704 180.
344 2664 433 2719 poam
455 2648 526 2715 sim]
550 2661 640 2717 poam
665 2663 731 2702 sum
755 2645 806 2719 Ing.
833 2661 928 2702 omues
951 2656 1062 2718 prester
1084 2643 1127 2702 81.
1151 2642 1205 2711 84.,

160 2738 226 2791 item
245 2735 297 2788 Gn.
316 2733 341 2787 3.
359 2760 395 2775 ν-
418 2735 527 2803 inquit,
548 2732 621 2786 deus
639 2735 670 2786 itt
690 2736 749 2786 isto
766 2720 887 2805 ponere,
911 2731 1024 2800 Colide]
1044 2730 1099 2785 hoo
1114 2731 1206 2801 positu

160 2819 212 2891 Lg.
233 2835 327 2873 omnes
346 2827 457 2888 praeter
474 2819 499 2871 4.
516 2816 596 2870 617.
612 2816 654 2870 76.
671 2804 715 2870 81.
728 2815 782 2884 84.,
801 2819 865 2871 item
882 2817 933 2872 Gn.
949 2817 971 2873 l.
1009 2815 1091 2880 deus,
1111 2818 1206 2885 lupuit

161 2906 187 2958 4.
198 2904 224 2958 6.
242 2903 301 2957 rell.
320 2909 349 2955 ut
367 2919 440 2972 supr.
467 2901 558 2972 Vulgo
576 2899 663 2954 inutili
681 2910 709 2955 et
727 2902 797 2955 solea
814 2903 950 2974 elegantia
968 2905 1000 2956 itt
1017 2906 1074 2955 doto
1091 2917 1205 2972 pomero,

162 2994 268 3059 inquit,
290 2986 403 3050 Catulo,
421 2985 555 3040 417013.-
578 2983 717 3053 Hercule]
735 2988 775 3040 sic
792 3004 843 3058 pro
860 2986 1026 3041 mehercule
1042 2985 1092 3057 lnge
1111 2991 1206 3039 omnes

161 3082 274 3147 praeter
298 3073 322 3127 1.
347 3073 373 3124 4.
396 3070 438 3125 10.
457 3071 505 3125 73.
531 3070 572 3123 76.
595 3069 637 3124 81.
663 3069 723 3136 84.;
747 3071 811 3127 item
836 3072 888 3127 Gn.
906 3074 932 3128 3.
976 3070 1088 3125 lllornm
1109 3069 1206 3140 purtim

161 3157 273 3214 firmum
291 3165 411 3220 nostrum
428 3156 599 3224 scripturam,
616 3153 713 3226 desole
730 3158 802 3210 enim
818 3157 843 3212 1.
859 3158 884 3211 4.
898 3156 940 3210 10.
959 3156 1002 3210 13.
1021 3155 1062 3210 76.
1081 3154 1153 3208 Vici.
1170 3182 1207 3194 -··

161 3260 223 3298 mon
240 3242 401 3311 utinquam]
424 3240 463 3293 sic
488 3238 597 3294 divisim
615 3237 666 3311 13.
684 3240 710 3295 1.
733 3237 774 3296 13.
796 3242 837 3296 14.·
857 3241 896 3295 16.
916 3241 957 3294 16.
979 3238 1023 3293 11.
1040 3238 1083 3292 13.
1102 3239 1144 3293 35.
1163 3237 1206 3293 30.

161 3327 204 3382 07.
223 3326 265 3381 63.
284 3323 389 3379 7084.
416 3339 567 3393 nonquam
581 3323 624 3377 14.
647 3323 698 3379 Gn.
717 3327 742 3380 3.
760 3354 803 3367 -v
825 3324 965 3387 dicendo,
984 3328 1018 3375 ut
1035 3322 1077 3389 nd
1093 3325 1214 3396 minoem

134 3401 138 3409 ’
163 3412 245 3479 dnm]
270 3407 397 3464 dicendo
421 3407 463 3460 ad
483 3406 659 3461 vomendum
676 3390 716 3463 {st
736 3408 787 3481 Lg.
807 3409 850 3464 07.
873 3436 909 3450 »-
937 3407 1031 3475 nulla]
1053 3405 1136 3460 mulla
1159 3422 1206 3459 ros

117 3564 123 3572 .
165 3495 215 3565 bg.
234 3497 259 3550 3.
277 3496 318 3548 lto
335 3508 407 3547 corr.
424 3492 451 3546 1.
469 3492 512 3547 31.
533 3510 586 3547 οιιι.
604 3492 647 3548 36.

252 3595 310 3649 181.
347 3595 489 3662 oratoris]
514 3597 662 3648 orationis
690 3591 741 3665 Lg.
767 3596 785 3651 (i
807 3608 878 3649 corr.
903 3607 956 3647 om.
978 3587 1022 3645 10.
1043 3622 1079 3631 -
1109 3598 1139 3645 et
1163 3592 1207 3658 re]

164 3680 397 3752 praepositionem
415 3682 447 3732 ln
464 3679 560 3733 sustuli
576 3678 726 3731 secundum
740 3678 791 3751 ng.
802 3679 826 3734 1.
843 3680 867 3733 3.
882 3679 907 3732 4.
922 3678 962 3733 13.
977 3677 1019 3732 31.
1034 3678 1076 3732 36.
1098 3694 1124 3730 v.
1139 3676 1175 3729 od
1187 3675 1207 3730 1.

166 3762 214 3830 15,
230 3763 273 3819 65.
291 3791 328 3804 --
352 3780 406 3836 per
428 3764 470 3830 se]
494 3779 548 3816 om.
568 3761 639 3815 vtes.
658 3760 707 3833 Lg.
725 3762 768 3818 36.
788 3763 829 3819 76.
857 3778 917 3836 pro
936 3778 967 3816 se
989 3762 1031 3817 63.
1048 3761 1079 3814 81
1100 3779 1127 3815 v.
1142 3778 1168 3815 ιι.
1188 3767 1207 3827 t.

156 3849 255 3905 113.-
281 3846 517 3922 comprobanda]
531 3845 691 3919 predando
708 3846 758 3918 Lg.
778 3848 802 3903 1.
824 3846 864 3904 13.
884 3847 926 3902 31.
945 3847 997 3902 Gu.
1014 3848 1038 3901 3.
1076 3861 1209 3917 compro·

163 3932 296 3988 bandum
312 3934 338 3988 3.
366 3931 523 4005 probando
539 3932 564 3985 4.
594 3948 683 4001 quam
697 3930 860 4004 probanda
877 3931 920 3988 65.
938 3958 974 3972 —-
1004 3929 1209 3998 collocatione]

164 4019 324 4072 collatione
340 4035 362 4072 s.
380 4015 547 4070 conlatione
562 4013 652 4086 Lgxi.
668 4018 693 4071 4.
707 4018 731 4071 5.
750 4018 790 4073 13.
807 4018 847 4072 16.
864 4006 1015 4071 171011.
1030 4015 1072 4069 14.
1091 4014 1126 4068 31
1138 4022 1209 4067 corr.
1263 4002 1272 4011 ’

164 4102 207 4158 33.
225 4104 268 4157 36.
289 4101 334 4156 65.
352 4101 395 4156 09.
415 4099 458 4153 73.
477 4099 518 4153 76.
537 4097 579 4154 81.
597 4100 639 4154 84.
658 4098 709 4155 oo:
718 4100 761 4156 03.
781 4102 852 4154 vict.
873 4100 924 4153 Gn.
946 4099 1011 4152 1.1.
1030 4101 1055 4152 3.
1078 4096 1122 4147 hie
1138 4112 1210 4146 com-

165 4185 269 4256 pendio
288 4184 403 4248 eoll’oo,
422 4199 458 4237 ex
472 4200 527 4253 qno
544 4183 616 4238 male
635 4184 775 4239 intellecto
792 4185 873 4238 etism
890 4189 1043 4235 ceterorum
1057 4174 1212 4241 corruptela

837 4338 845 4352 ,
960 4277 1003 4338 10
