2942 4608
384 322 445 391 llll
473 320 702 392 Ohttottti
729 320 855 391 trusit
875 322 927 392 111.
951 326 1001 393 12.
1111 326 1209 400 m
1262 348 1270 356 ’

166 496 253 562 marsi
275 494 402 577 generis
423 492 571 577 urbisque
592 495 734 579 propria,
756 489 874 578 inqua
893 492 973 560 nihil
995 490 1110 559 ollandi
1132 492 1211 560 nihil

165 612 334 699 displicere
359 610 438 676 nihil
461 609 667 676 animadverti
688 611 789 696 possit
809 609 888 676 nihil
910 629 1026 677 sonare
1048 621 1100 676 aut
1123 610 1210 677 olore

164 731 375 817 peregrinum:
395 726 478 796 hanc
497 746 674 813 sequamur,
689 746 790 813 neque
807 727 909 794 solum
923 730 1072 794 rusticam
1090 731 1211 816 asperi-

163 857 267 925 tatem,
290 845 347 913 sed
367 833 462 912 etiam
479 844 893 943 peregrinamffiipsolentiam
913 846 1023 930 fugere
1042 846 1210 913 discamus.

165 964 218 1031 dh.
244 962 397 1051 Equidem
424 983 494 1029 cum
515 963 609 1029 audio
632 981 756 1029 socrum
778 982 879 1029 meam
902 961 1046 1029 Laeliam
1070 964 1211 1046 (facilius

74 1132 77 1142 ,
166 1086 250 1150 enim
272 1081 421 1146 mulieres
443 1082 651 1166 inconuptam
674 1082 888 1167 antiquitatem
910 1091 1106 1159 conservant,
1128 1082 1212 1169 quod
1247 1066 1250 1075 ’

166 1200 332 1265 multorum
346 1198 500 1263 sermonis
517 1202 658 1283 expertes
681 1216 722 1264 ea
736 1208 842 1264 tenent
859 1216 990 1286 semper,
1013 1193 1093 1284 quae
1109 1202 1211 1284 prima

167 1315 366 1397 didicerunt),
389 1312 533 1379 sedeam
554 1315 602 1380 sio
624 1314 727 1394 audio,
748 1325 782 1381 ut
797 1314 946 1381 Plautum
961 1315 1038 1395 mihi
1060 1307 1113 1381 aut
1125 1313 1210 1382 Nae-
1232 1404 1235 1409 Ι

148 1419 251 1501 'num
267 1431 379 1499 videar
400 1430 524 1509 audire3
548 1450 626 1498 sono
648 1433 718 1519 ipso
739 1435 828 1499 vocis
849 1385 1055 1513 1ῑῖἶῖιῖῗῆ
1073 1433 1212 1519 simplici

167 1561 225 1629 est,
246 1560 279 1616 ut
299 1548 378 1615 nihil
400 1550 618 1615 ostentationis
641 1559 694 1615 aut
714 1548 896 1617 imitationis
920 1551 1033 1618 ailerre
1053 1550 1211 1630 videntum

168 1688 208 1734 ex
224 1686 285 1754 quo
307 1669 355 1732 sic
374 1661 511 1733 locutum
526 1678 599 1731 esse
621 1668 691 1732 eins
711 1676 832 1754 patrem
851 1668 966 1746 iudico,
988 1671 1036 1734 sic
1058 1642 1223 1734 maioresz'

168 1804 233 1851 non
250 1803 372 1871 aspere,
394 1783 511 1859 mille,
534 1800 625 1869 mem
643 1783 717 1862 dini,
738 1802 802 1849 non
815 1794 905 1849 vaste
926 1805 990 1851 non
1010 1786 1127 1850 rustice
1143 1803 1212 1855 ,non

168 1884 272 1968 hiulce
299 1902 357 1967 sed
381 1920 491 1987 presse
519 1909 549 1966 et
573 1899 783 1989 aequabiliter
809 1910 840 1967 et
860 1901 981 1968 leniter.
1022 1900 1077 1967 ts.
1106 1880 1225 1981 Quare

168 2018 261 2086 (iotta
285 2014 410 2095 nostem·
433 2020 522 2084 cuius
548 2027 581 2083 tu
606 2018 665 2083 illa
690 2017 771 2096 lata,
799 2015 935 2104 Sulpici,
964 2037 1028 2085 non
1053 2038 1211 2105 nunquam

168 2138 315 2215 imitaris,
342 2146 376 2202 ut
396 2137 471 2203 loto
495 2134 619 2202 huram
645 2135 742 2239 tollas
768 2145 800 2201 ct
820 2136 853 2202 Ε
874 2130 1090 2223 plenissimum
1111 2137 1210 2216 dicas,

169 2379 274 2441 partem
296 2375 373 2421 recte
394 2367 538 2435 explicuit=
566 2383 629 2420 nam
654 2374 684 2419 ut
707 2365 828 2420 literam
852 2366 954 2420 tollere
977 2366 1134 2437 significare
1156 2385 1212 2424 uon
1274 2374 1282 2383 “

170 2461 262 2525 potest
275 2449 498 2524 pronuntiando
518 2453 671 2513 omittere,
688 2449 728 2502 ita
744 2450 805 2503 veri
821 2450 1026 2523 dissimillimum
1043 2460 1086 2505 est
1102 2452 1137 2505 ab
1156 2453 1213 2506 ullo

171 2539 270 2591 dictum
291 2535 377 2604 filum
400 2551 451 2603 pro
468 2533 532 2603 pilio
555 2540 740 2605 autpertum
763 2551 815 2603 pro
828 2537 983 2605 portiom,-
1005 2551 1095 2603 neque
1117 2553 1133 2588 e
1145 2536 1212 2609 ple-

169 2625 327 2677 nissimum
347 2619 445 2672 dicere
468 2618 541 2671 idem
563 2632 624 2671 esse
646 2627 753 2689 potest,
778 2618 852 2686 quod
869 2617 1047 2688 pronuntiare
1065 2636 1103 2671 oe
1119 2636 1170 2691 pro
1187 2637 1211 2677 s.

169 2707 235 2763 Non
263 2703 363 2759 rectius
390 2711 497 2757 constat
513 2701 702 2756 'Henrichseni
729 2702 800 2756 ratio
823 2705 952 2757 rusticam
979 2701 1128 2774 significari
1147 2721 1214 2774 ‚pro-

169 2790 367 2845 nuntiationem
390 2806 406 2840 e
429 2805 480 2858 pro
504 2789 517 2840 ἰ
537 2786 757 2857 subrogandum,
786 2787 863 2840 velot
887 2804 944 2841 usa
967 2785 1044 2841 leber
1068 2787 1213 2842 Menosca

170 2892 260 2948 spera
276 2892 293 2927 a
310 2873 447 2926 nonnullis
464 2872 574 2941 prolata
589 2871 681 2924 Varro
697 2870 730 2925 R.
746 2870 780 2926 R.
796 2870 817 2926 l.
835 2871 884 2939 48,
899 2870 924 2926 2.
947 2880 975 2925 ot
991 2870 1180 2929 Qutnttttanus
1191 2872 1211 2929 l.

170 2962 202 3026 t,
220 2959 261 3013 17.
281 2965 365 3012 testes
381 2962 451 3010 suut.
486 2953 558 3008 Nam
577 2954 813 3026 opulentissimum
829 2972 885 3009 non
902 2956 1012 3010 videtur
1028 2957 1080 3009 nisi
1098 2957 1133 3011 de
1150 2975 1212 3027 pro·

170 3044 252 3097 ducta
274 3042 356 3095 litera
379 3039 432 3093 dici
454 3056 552 3108 posse,
576 3038 650 3106 qood
674 3038 702 3092 in
719 3038 892 3093 Mineruam
914 3049 990 3093 certe
1011 3045 1140 3095 etaiam
1157 3059 1212 3096 non

171 3128 252 3182 aas.
290 3123 449 3194 corqng.
469 3122 785 3193 praesentantem
808 3122 879 3178 vra.
898 3122 927 3176 n
948 3124 1092 3190 omitum,
1108 3111 1165 3179 ‘aar
1184 3126 1213 3180 tr

171 3222 199 3267 et
221 3210 376 3266 sententiae
398 3208 563 3261 adversatur
586 3215 614 3261 et
636 3207 717 3261 insila
735 3208 764 3261 Ε
783 3208 913 3262 excidere
931 3209 1020 3281 potuit
1038 3217 1154 3278 propter
1169 3228 1212 3264 se·

78 3338 88 3351 .
169 3314 256 3367 quens
278 3294 519 3366 cupientissime
541 3290 652 3362 lgm.
677 3293 889 3365 plenissimam
907 3292 950 3346 20.
978 3308 1030 3346 om.
1049 3292 1085 3345 84
1101 3309 1128 3346 v.
1148 3310 1175 3346 u.
1193 3303 1211 3349 t.

170 3381 235 3436 Non
252 3387 345 3451 potest
361 3377 511 3432 sublatum
528 3376 687 3431 substituto
706 3377 735 3431 Ε
746 3376 922 3449 plenissmus
941 3378 1005 3429 iota
1021 3376 1145 3447 intelligi,
1163 3377 1214 3432 nisi

171 3483 208 3519 cn
219 3473 317 3518 natura
330 3463 447 3517 duorum
459 3463 527 3528 iota,
544 3462 634 3516 tenuis
647 3462 760 3515 alterins
778 3470 806 3515 et
819 3469 900 3514 acute
911 3461 1043 3527 sonantis,
1060 3470 1091 3515 ut
1104 3478 1121 3514 a
1133 3461 1213 3517 uoltis

170 3549 370 3620 pronuntiatur,
387 3547 470 3617 quale
485 3546 649 3599 audiebatur
665 3545 693 3598 in
713 3546 841 3616 genitivis
858 3545 1049 3599 declinationis
1065 3547 1213 3614 secundae,

170 3634 282 3687 alterius
306 3632 354 3685 lati
379 3640 407 3685 et
430 3648 467 3684 ex
488 3631 589 3684 leviter
611 3630 727 3683 admisto
752 3647 771 3681 c
791 3629 859 3696 orti,
876 3629 965 3697 'qualo
988 3629 1015 3683 in
1039 3631 1212 3686 nominativis

167 3721 256 3789 poteri
278 3716 340 3778 ott,
364 3715 464 3769 dativis
483 3713 549 3783 suri
565 3713 705 3767 mendaci
728 3711 906 3767 efferebatort
931 3729 959 3768 v.
979 3715 1213 3785 grammaticorum

171 3799 327 3854 matimonio
348 3799 422 3868 apud
441 3797 641 3853 Schneiderum
658 3796 706 3851 Gr.
723 3796 786 3851 Lat.
805 3799 860 3855 vol.
880 3797 900 3853 l.
920 3798 943 3853 l.
963 3816 989 3869 p.
1006 3797 1050 3854 63.
1073 3800 1107 3854 ci.
1126 3800 1212 3855 Lucil.

170 3903 215 3956 ap.
227 3883 341 3942 Quintil.
356 3882 377 3938 l.
392 3884 418 3950 7,
433 3883 474 3938 15.
498 3882 577 3937 Hanc
591 3881 784 3954 pronuntiandi
798 3884 933 3937 rationem
949 3883 1049 3954 ubique
1065 3894 1213 3953 sequentes

171 3979 199 4024 et
213 3969 295 4024 latins
313 3969 405 4035 etiam,
423 3985 503 4038 quam
521 3966 676 4038 oportebat,
694 3976 724 4021 ut
740 3985 823 4022 verus
840 3969 938 4022 literae
953 3968 1012 4022 iotn
1027 3985 1112 4022 sonus
1128 3970 1212 4037 plane

167 4055 328 4121 tolleretur,
353 4053 561 4125 pronuntiantes
583 4053 611 4107 in
628 4052 785 4111 rusticitatis
801 4052 897 4107 vitium
914 4051 1070 4127 incurrebat
1087 4051 1167 4103 Cotta
1185 4058 1213 4101 et

171 4139 315 4211 Sulpicius.
335 4137 421 4209 Igitur
442 4134 481 4189 Ut
494 4135 730 4207 eptsntsstmum
742 4137 827 4192 dicas
845 4138 1012 4205 interpretor
1029 4137 1074 4187 tta
1086 4138 1119 4187 stt
1128 4148 1187 4201 pro
1201 4136 1214 4187 i
