2942 4608
249 260 383 398 'nra
425 327 426 330 ‘
687 314 940 391 crosnoms
986 322 989 327 ’

287 494 452 582 prudentia
473 502 527 558 ant
544 490 805 559 necessariorum
823 512 947 583 {Quoto
960 491 1353 593 Elssllfifflllldffl,

170 688 173 695 .
289 632 352 697 quo
378 620 543 695 arguatur,
571 620 713 676 autnon
739 612 784 676 ita
811 612 878 696 agi,
905 620 938 675 ut
964 610 1106 677 debuerit
1133 631 1172 679 ao
1193 612 1350 693 licuerit3

244 799 247 807 ,
288 732 369 794 etsi
392 730 470 793 satis
492 747 565 793 esse
586 730 701 814 putatis
723 747 777 805 aa,
805 747 886 812 quae
908 729 961 792 isti
983 730 1152 814 scriptores
1176 733 1252 796 artis
1279 733 1349 799 do-

288 857 373 924 cent,
395 846 533 922 discere,
561 864 642 930 quae
665 830 760 911 multo
781 855 886 911 tamon
908 847 1062 923 ornatius,
1085 866 1179 931 quarn
1201 849 1242 913 ab
1265 849 1342 914 illis

286 965 448 1037 dicuntur,
467 972 497 1027 et
517 961 644 1052 piperius
667 962 834 1049 explicavit
855 962 1026 1040 Antonius3
1054 963 1110 1028 sed
1133 967 1161 1029 si
1182 964 1233 1031 his
1256 986 1343 1040 con-

285 1083 362 1146 tenti
382 1081 460 1145 estis
482 1082 606 1165 atque
597 1083 638 1144 ris
660 1083 773 1158 etiam,
800 1099 881 1165 quae
904 1080 967 1149 dici
987 1080 1132 1148 voluistis
1155 1102 1176 1147 a
1196 1103 1265 1149 me:
1295 1104 1341 1150 ex

275 1172 417 1295 [ingenti
412 1196 745 1327 quodanpdoratorem
764 1199 977 1282 immensaque
996 1218 1136 1289 eampo
1130 1201 1164 1264 in
1185 1194 1341 1285 angurum

286 1334 363 1380 sane
383 1334 497 1409 gyrum
512 1263 711 1401 curule&
636 1315 719 1389 litis,
759 1315 810 1381 71.
834 1312 893 1379 Sin
913 1325 1050 1381 veterem
1071 1315 1159 1381 illum
1176 1315 1337 1383 Periclem

286 1442 339 1498 aut
359 1432 440 1498 hunc
462 1434 571 1508 etiam,
602 1430 654 1518 qui
677 1431 866 1498 familiarior
885 1432 978 1498 nobis
999 1442 1125 1518 propter
1145 1436 1334 1522 scriptorum

283 1549 506 1615 multitudinem
534 1560 595 1627 est,
622 1547 863 1616 Demosthenem
890 1552 979 1635 sequi
1005 1550 1101 1616 vultis
1127 1561 1159 1616 et
1185 1553 1213 1616 si
1240 1551 1333 1617 illam

282 1666 479 1754 praeclaram
505 1677 536 1733 et
562 1668 706 1732 eximiam
735 1670 872 1753 speciem
899 1670 1035 1733 oratoris
1054 1668 1185 1754 perlecti
1207 1678 1239 1734 et
1258 1669 1331 1756 pul-

245 1864 251 1879 ·
283 1785 488 1851 chritudinem
520 1785 714 1852 adamastis:
749 1795 801 1850 aut
831 1784 923 1851 vobis
953 1784 1034 1851 lracc
1064 1764 1245 1852 Carneadia
1266 1797 1332 1852 'ant

284 1902 343 1967 illa
359 1902 547 1979 Aristotelia
566 1907 616 1968 vis
639 1900 930 1988 comprehendenda
951 1911 1008 1967 est.
1052 1904 1102 1968 72.
1124 1899 1275 1989 Namque,
1297 1914 1329 1970 ut

284 2029 355 2083 ante
369 2020 444 2095 dini,
465 2029 589 2084 veteres
612 2018 660 2083 illi
681 2038 780 2105 usque
804 2019 846 2084 ad
861 2017 1036 2085 Socratem·
1049 2040 1171 2086 omnem
1192 2019 1327 2087 omnium

215 2140 216 2143 ’
281 2122 399 2212 rerum,
427 2154 507 2220 qnae
535 2134 576 2199 ad
602 2154 706 2201 mores
731 2112 904 2213 hominurn,
933 2156 1014 2221 quae
1043 2137 1084 2202 ad
1109 2139 1218 2215 vitam,
1245 2158 1324 2225 quae

275 2251 328 2322 ad
345 2253 497 2332 uirtutem,
520 2272 600 2339 quae
624 2252 665 2318 ad
685 2251 924 2339 rempublicam
944 2254 1150 2341 pertinebant,
1173 2259 1325 2340 cognitio·

280 2469 354 2527 houd
369 2470 495 2527 deterius.
509 2500 545 2511 —
562 2487 621 2525 note
636 2471 682 2539 eo]
700 2474 732 2524 in
746 2488 780 2524 eo
798 2470 850 2527 Ga.
866 2472 888 2526 l.
901 2471 925 2526 9.
944 2469 994 2543 Lg.
1006 2471 1051 2537 X„
1070 2471 1209 2541 inquibus
1227 2483 1269 2528 ast
1280 2473 1319 2535 32.

279 2571 339 2607 non
357 2573 409 2608 om.
430 2555 470 2610 l7.
501 2573 566 2611 meo
584 2556 619 2609 tt
636 2573 708 2609 corr.
738 2573 772 2609 eo
792 2574 844 2610 orn.
865 2557 904 2612 15.
923 2555 966 2610 86.
991 2584 1027 2597 -
1056 2573 1093 2609 ac
1112 2557 1245 2626 licuerit]
1272 2564 1322 2611 aut

237 2654 247 2671 ⁴
281 2639 400 2693 licuerit
421 2639 471 2710 L'g.
489 2640 513 2694 5.
533 2640 558 2707 6.
579 2641 619 2695 15.
641 2639 681 2693 16.
700 2640 741 2694 79.
762 2639 803 2695 73.
821 2639 863 2694 86.
881 2668 917 2681 -
943 2640 997 2693 secl
1014 2644 1042 2694 si
1058 2639 1117 2708 lis]
1142 2642 1195 2695 ced
1212 2645 1241 2695 si
1257 2645 1321 2695 istis

240 2764 243 2769 -
279 2723 330 2795 Lg.
348 2723 390 2780 35.
407 2722 449 2778 93.
481 2725 534 2778 sed
551 2729 580 2778 oi
596 2728 636 2777 iis
653 2723 696 2776 84.
722 2724 773 2779 Gn.
794 2724 861 2780 19.
893 2722 942 2777 leis
965 2742 1018 2779 om.
1038 2725 1079 2779 17.
1096 2754 1132 2764 —
1163 2733 1251 2795 atque
1273 2727 1319 2792 iis]

279 2814 368 2878 atque
386 2807 433 2861 Itis
450 2808 501 2880 [ιι.
514 2809 556 2864 rt.
575 2809 618 2863 37.
635 2801 679 2864 65.
693 2809 736 2864 67.
749 2809 792 2864 69.
810 2809 852 2864 76.
867 2808 909 2864 73.
921 2809 964 2863 76.
982 2809 1025 2864 81.
1042 2809 1084 2863 86.
1103 2810 1173 2865 Vict.
1193 2810 1243 2862 Gu.
1260 2811 1284 2864 l.
1295 2810 1319 2867 t.

279 2909 336 2947 non
353 2894 432 2947 mole.
450 2923 486 2935 -
513 2896 675 2973 oratorem]
695 2901 816 2947 oratore
836 2893 885 2964 ng.
904 2901 1017 2963 praeter
1035 2893 1074 2948 14.
1092 2892 1132 2948 16.
1152 2894 1191 2948 79.
1209 2893 1266 2959 93,
1286 2913 1319 2948 eo

278 2977 362 3043 vitio,
382 2977 417 3031 de
438 2995 492 3046 qno
512 2970 613 3032 dictum
630 2979 666 3032 ad
684 2977 717 3034 ll.
736 2978 779 3045 27,
798 2978 909 3033 tlt.»-
874 2972 1319 3052 compellitisfeompntlistto

278 3059 330 3131 Lg.
347 3060 382 3113 tt
400 3078 472 3115 corr.

365 3143 407 3199 71.
442 3143 602 3213 Periclem]
631 3144 768 3199 Periclen
795 3144 847 3216 Lg.
870 3146 913 3201 81.
949 3113 1117 3219 tripertitam
1140 3145 1175 3199 tt
1197 3163 1267 3201 corr.
1285 3174 1317 3185 —

227 3258 229 3263 >
278 3232 371 3299 sepul
383 3230 482 3299 urtltir]
510 3233 566 3285 inv
594 3229 657 3301 Lg
651 3230 766 3285 76.
798 3230 980 3299 Carneadia]
1007 3230 1256 3301 Caroeadoaltg.
1277 3229 1315 3284 69.

275 3315 346 3369 Viet.
367 3315 418 3369 Gu.
437 3315 460 3368 1.
484 3314 519 3370 V.
535 3315 571 3368 ad
586 3314 607 3370 l.
625 3315 668 3382 21,
685 3314 727 3371 98.
744 3345 779 3356 -
798 3308 984 3383 Aristotelia]
1001 3314 1194 3370 Aristotelica
1212 3314 1261 3384 Lg.
1279 3314 1316 3368 15.

275 3400 346 3453 Vict.
366 3399 405 3451 ita
422 3415 492 3454 corr.
513 3400 555 3454 aa
574 3398 616 3456 93.
647 3400 838 3455 Aristoteleia
858 3400 909 3455 Gu.
928 3400 952 3454 l.
974 3430 1005 3440 ··-
1031 3398 1314 3471 comprehendenda]

278 3483 519 3554 emprcudearla
536 3483 587 3555 ng.
607 3484 647 3539 15.

362 3567 404 3622 rt.
443 3566 610 3636 Socratem]
628 3570 668 3622 sic
682 3567 730 3640 hg.
744 3569 769 3624 5.
786 3568 826 3622 15.
843 3567 883 3622 16.
898 3567 940 3623 33.
954 3567 995 3623 79.
1011 3567 1052 3621 73.
1065 3566 1119 3632 86.,
1137 3575 1167 3620 ot
1184 3568 1315 3638 scripsere

273 3651 352 3707 Man.
371 3650 465 3708 Lamb.
493 3652 648 3707 Isocraten
666 3653 708 3708 65.
738 3653 839 3720 Ceteri,
859 3653 939 3707 etiam
957 3651 1008 3723 Lg.
1024 3651 1066 3708 rt.
1085 3651 1157 3705 Vict.
1178 3651 1229 3705 Gn.
1251 3651 1313 3706 19.

274 3736 447 3791 Isocratem.
465 3768 500 3777 -
527 3737 687 3792 dissociati
701 3766 737 3777 —
754 3739 862 3792 diserti
886 3756 906 3792 a
930 3737 1027 3791 doctis
1045 3765 1082 3776 -
1099 3734 1269 3808 philosophi
1282 3763 1314 3775 -

189 3863 196 3879 .
273 3822 420 3889 oratores]
435 3821 518 3878 Quod
531 3823 673 3877 molestum
686 3823 751 3876 dicit
763 3822 964 3877 Henrichsenus
976 3820 1147 3892 participium
1160 3819 1315 3874 dissociati

272 3907 447 3976 grammatica
463 3922 521 3958 non
539 3907 575 3959 ad
588 3915 727 3976 utrosque,
745 3908 795 3961 sed
812 3909 847 3961 ad
860 3908 977 3960 disertos
995 3914 1099 3959 tanturn
1113 3904 1209 3958 reterri
1227 3921 1311 3976 posse,

273 4007 388 4059 eamque
410 4006 518 4042 causam
538 3991 691 4061 corrigendi
710 3991 763 4043 loci
781 3993 849 4045 viris
869 3992 956 4047 doctis
978 3984 1077 4056 titisse,
1100 4006 1156 4043 non
1180 3990 1311 4060 intelligo]

270 4073 321 4125 sed
340 4072 407 4126 illud
424 4070 593 4125 difficultatis
611 4074 701 4126 inesse
717 4074 841 4141 videtur,
863 4076 937 4143 qnod
954 4076 1068 4129 alterum
1088 4074 1203 4127 incisrrrn
1216 4073 1310 4146 philo·

271 4154 357 4225 replet
378 4155 576 4224 eloquentiam
599 4155 812 4234 deopetperattt,
843 4165 979 4214 oratores
1002 4162 1184 4230 sapientiam
1209 4159 1311 4213 minime
