2942 4608
676 254 932 357 cressonis

277 418 365 539 lacer
273 286 539 651 Zssiqdi
555 458 598 525 At
614 453 778 524 Numerius
794 456 906 524 Furius
926 467 1035 524 noster
1052 456 1233 536 familiaris,
1260 478 1348 525 cumr

27 548 233 703 deam
243 528 385 651 Medius
424 584 565 661 modum,
599 593 714 650 cantat.
766 580 1244 669 insumpseramus,
1284 595 1348 650 est

84 678 207 719 ψ
105 646 234 805 wis
244 730 381 849 pquep
397 707 587 847 liopqqus,q
564 729 677 821 ‚puer
703 708 811 775 didicit
838 707 919 794 qnod
947 707 1129 773 discendum
1151 709 1218 774 init.
1264 707 1345 774 Ea-

247 828 357 927 dem
366 802 457 901 ratio
472 844 521 900 est
541 826 651 899 harum
673 837 785 900 artium
806 835 1019 899 maximarum.
1061 831 1140 898 Dies
1163 843 1193 898 et
1214 844 1339 898 noctes

278 961 378 1026 virum
400 979 520 1025 summa
540 961 651 1027 virtute
678 969 708 1026 et
728 959 893 1047 prudentia
913 957 1111 1036 videbamus,
1137 956 1338 1044 philosopho

281 1104 350 1151 oum
378 1104 506 1172 operam
533 1084 636 1163 daret,
664 1083 701 1163 Q.
725 1082 934 1149 Tuberonem.
977 1085 1020 1148 At
1047 1083 1115 1154 eius
1140 1081 1336 1148 avunculum

282 1210 335 1276 vix
356 1209 559 1293 intellegeres
581 1208 614 1273 id
637 1228 748 1293 agere,
771 1196 839 1274 cum
863 1218 972 1292 ageret
992 1218 1110 1284 tamen,
1132 1206 1335 1273 Africanum.

283 1333 349 1401 lsta
370 1334 530 1400 discuntur
550 1332 661 1410 facile,
688 1334 716 1397 si
744 1342 774 1398 et
794 1344 911 1419 tantum
933 1352 1053 1409 sumas,
1080 1341 1227 1418 qnantum
1249 1351 1332 1418 opus

282 1460 339 1536 sit,
369 1468 400 1523 et
424 1456 545 1523 habeas
573 1458 625 1543 qui
653 1457 766 1539 docere
794 1457 1046 1545 fideliter-'possit
1073 1466 1103 1525 et
1125 1460 1211 1522 scias
1233 1459 1333 1522 etiam

279 1583 348 1670 ipse
381 1581 526 1657 discere.x
579 1580 630 1647 88.
664 1579 730 1647 Sed
764 1584 792 1648 si
824 1592 891 1648 tota
920 1584 986 1649 vita
1016 1581 1095 1646 nihil
1126 1581 1207 1647 veiis
1241 1581 1332 1647 aliud

282 1725 395 1792 agere,
427 1708 500 1793 ipsa
523 1709 670 1773 tractatio
702 1716 733 1772 et
759 1708 901 1793 quaestio
928 1707 1066 1792 quotidie
1098 1727 1137 1771 ex
1163 1726 1198 1773 se
1226 1709 1329 1791 gignit

283 1831 417 1918 aliquid,
444 1833 527 1918 quod
551 1853 627 1898 cum*
642 1832 805 1897 desidiosa
827 1831 1034 1897 delectatione
1055 1833 1237 1916 investiges.
1279 1830 1329 1897 lta

283 1947 325 2024 ir,
346 1957 379 2013 ιιι
395 1951 416 2025 †
435 1950 565 2033 agitatio
587 1968 690 2013 rerum
708 1951 750 2013 sit
770 1946 890 2013 infinita
911 1950 1048 2033 cognitio
1070 1949 1186 2025 facilis,
1208 1951 1328 2013 sinsus
1442 2004 1443 2007 ,

284 2063 459 2128 doctrinam
486 2062 644 2129 confirmet
671 2064 838 2128 mediocris
869 2044 966 2149 opera
986 2065 1151 2142 tribuatur,
1177 2066 1338 2131 memoria'

284 2179 479 2265 studiumque
501 2188 692 2265 permaneat.
735 2177 828 2244 Libet
857 2191 958 2246 autem
986 2202 1109 2268 semper
1129 2182 1268 2260 discere,
1295 2190 1326 2246 ιιι

282 2297 311 2362 si
332 2295 426 2362 velim
449 2316 509 2381 ego
531 2295 606 2377 talis
629 2298 742 2382 optime
763 2296 873 2364 ludere
901 2308 953 2363 aut
974 2276 1057 2385 pilae
1085 2298 1186 2364 studio
1208 2309 1323 2376 tenear,

281 2415 376 2479 etiam
402 2414 555 2491 fortasse,
587 2415 616 2479 si
647 2416 775 2500 assequi
805 2434 870 2480 nou
900 2417 1028 2502 possim.
1076 2414 1119 2480 At
1146 2415 1221 2492 alii,
1253 2417 1323 2500 quia

280 2528 445 2625 praeclare
467 2531 595 2607 iaciunt,
617 2528 844 2609 vehementius,
868 2551 959 2620 quam
983 2552 1082 2598 causa
1101 2532 1248 2618 postulat,
1271 2532 1321 2596 de-

174 2648 177 2659 *
280 2647 452 2727 lactantum
479 2657 511 2712 ut
538 2645 641 2713 Titius
667 2647 734 2733 pila
760 2645 872 2714 Brulla
899 2649 984 2714 talis.
1033 2624 1084 2714 oa.
1118 2647 1223 2726 Quiane
1249 2647 1322 2712 nibil

282 2773 344 2842 est,
376 2764 460 2850 quod
486 2765 651 2850 quisquam
678 2765 921 2850 magnitudinem
949 2767 1060 2832 artium
1092 2785 1132 2830 ex
1159 2785 1211 2842 eo,
1244 2763 1321 2850 quod

276 3011 535 3085 paterfamilias]
552 3014 592 3068 sic
610 3013 718 3068 divisim
736 3013 787 3085 Lg.
803 3014 845 3070 20.
861 3014 903 3071 21.
918 3014 959 3072 32.
977 3015 1019 3070 67.
1039 3016 1081 3070 70.
1099 3014 1142 3068 84.
1159 3044 1190 3055 -
1211 3013 1319 3068 discdit·

283 3089 444 3166 dam'fuit]
461 3096 523 3166 fnit
540 3115 593 3152 om.
609 3097 662 3169 lig.
676 3114 771 3152 omnes
788 3099 966 3169 praeteribi„
983 3101 1049 3153 item
1062 3099 1133 3153 Vict.
1152 3098 1204 3152 Gn.
1219 3098 1242 3153 l.
1255 3098 1278 3152 8.
1290 3129 1318 3138 -
1381 3092 1387 3101 '

180 3200 222 3237 Q
282 3180 347 3235 dies
369 3185 399 3235 et
421 3183 534 3249 noctes]
559 3182 623 3235 dies
641 3198 678 3236 ac
696 3188 798 3235 noctes
819 3181 869 3253 bg.
888 3185 913 3240 5.
951 3185 985 3238 dt
1002 3190 1094 3248 esset,
1118 3183 1215 3247 diese,
1234 3182 1321 3235 discet
1368 3176 1371 3181 ’
1440 3184 1444 3199 ’

282 3265 398 3319 deesset
419 3266 520 3321 omisso
544 3271 645 3319 noctes
665 3266 773 3334 quidam
792 3267 888 3333 codd,
913 3277 943 3322 nt
958 3268 985 3323 ,8.
1005 3268 1045 3323 17.
1064 3267 1107 3322 20.
1124 3267 1169 3322 32.
1204 3267 1268 3321 dics
1286 3282 1319 3319 ao

281 3356 382 3404 noctes
406 3367 460 3405 om.
483 3349 527 3402 65.
552 3349 593 3404 76.
628 3357 728 3404 noctes
751 3367 804 3404 om.
829 3352 909 3405 etiarn
932 3351 975 3407 81.
998 3351 1040 3407 84.
1064 3379 1100 3395 ·-
1129 3350 1318 3422 intellegeres]

281 3432 377 3503 scripsi
396 3450 431 3488 ex
449 3433 498 3504 ng.
517 3432 576 3500 32,
595 3434 623 3488 in
642 3452 696 3504 quo
715 3443 805 3488 tamen
819 3436 1009 3507 intelligeret.

367 3515 409 3572 88.
445 3516 537 3586 nibil]
561 3520 606 3573 nti
624 3518 674 3590 Lg.
694 3519 719 3572 3.
741 3517 767 3574 6,
786 3519 828 3573 3⁶2.
847 3508 889 3560 —‘
908 3519 1055 3590 quotidie]
1079 3518 1191 3572 cotidie
1214 3516 1263 3588 bg.
1281 3515 1319 3571 81.

280 3599 353 3656 Vici.
381 3602 505 3656 cottidie
520 3601 564 3654 65.
581 3631 614 3643 -
639 3604 753 3674 gignit]
772 3608 879 3676 pipant
900 3605 971 3657 coni.
992 3602 1058 3657 Ero.
1077 3602 1163 3656 secreti
1180 3609 1244 3655 sunt
1261 3599 1319 3655 Scb.

280 3682 379 3740 Mucii.
396 3714 432 3726 -
458 3687 625 3756 investiges]
650 3687 747 3757 scripsi
771 3704 805 3740 ex
825 3687 876 3759 bg.
896 3687 1019 3757 quamvis
1040 3684 1150 3740 infirma
1166 3685 1320 3740 auctoritate

204 3836 207 3847 ί
281 3767 358 3822 libris
374 3767 417 3824 23.
435 3768 478 3825 24.
496 3769 539 3823 67.
558 3770 600 3825 70.
618 3770 662 3826 81.
687 3788 715 3825 v.
734 3772 770 3825 ad
784 3771 818 3826 ll.
836 3772 880 3838 89,
899 3772 956 3826 166.
976 3799 1011 3813 ··-
1032 3777 1066 3825 ai
1082 3774 1211 3842 agitatio
1228 3787 1319 3823 reram

281 3856 323 3906 sit
336 3852 463 3922 infinita,
482 3858 611 3924 cognitio
627 3854 742 3924 facilis,
761 3859 789 3909 st
801 3855 1059 3910 arnsdoctrinam
1077 3854 1240 3924 confirmet]
1258 3852 1319 3906 boae

280 3934 411 3991 Muelleri
429 3939 612 3991 coniecturam
628 3955 731 4007 sequor
748 3956 808 3992 cum
825 3937 875 3994 Or.
894 3940 979 3995 ilenr.
1014 3939 1090 3994 Libri
1108 3946 1142 3993 ιιι
1160 3941 1318 4011 agitatione

279 4036 382 4074 amm
398 4024 440 4074 sit
463 4019 584 4087 infinita
605 4024 752 4092 copattta,
771 4022 876 4090 facilis
895 4041 967 4078 asas
985 4024 1155 4078 doctrinam
1173 4032 1224 4077 etc.
1262 4021 1318 4078 Scb.

280 4102 381 4156 edidite
406 4110 447 4165 ut
463 4104 629 4173 agitatione
651 4110 751 4158 raam
776 4108 816 4160 sit
841 4107 961 4176 infinita
984 4110 1131 4178 cognitio,
1153 4106 1274 4176 facilis,
1296 4111 1322 4161 at
