2942 4608
305 343 312 354 ,
367 323 426 390 nn
455 319 682 391 onurons
710 319 835 388 nmen
855 320 907 388 111.
929 324 981 388 22.
1072 277 1192 396 'ese

149 498 224 560 tu'ae
247 513 376 579 cumque
397 456 493 559 vitam
514 501 598 557 tuam
621 508 660 556 ac
682 490 786 555 studia
805 490 987 570 considero,
1009 509 1193 577 neque—quo
1226 568 1231 575 ,

148 622 288 697 tempore
310 613 372 675 ista
394 608 542 676 didiceris
562 600 752 685 uideo‚‘nec
774 627 963 694 magnopere
984 618 1015 674 te
1036 609 1107 674 istis
1129 619 1194 673 stu-

150 730 212 794 diis
240 727 415 794 hominibus
444 726 536 791 libris
567 725 717 810 intellego
751 725 896 791 deditum.
951 722 1058 812 Neque
1089 736 1194 795 tamen

147 863 275 931 possum
302 854 438 909 statuere
466 853 567 907 utrum
598 843 700 926 magis
729 845 824 908 mirer
849 852 878 907 te
906 842 978 920 illa,
1011 861 1091 929 quae
1118 842 1194 909 mihi

148 961 321 1048 persuades
343 963 480 1025 maxima
501 979 574 1025 esse
596 961 784 1037 adiumenta,
805 962 944 1046 potuisse
966 961 1000 1025 in
1016 964 1110 1025 tantis
1131 962 1193 1026 tuis
1300 931 1318 952 Α

149 1077 407 1164 occupationibus
423 1076 613 1162 perdiscere,
637 1097 687 1153 an,
710 1079 740 1143 si
761 1088 824 1142 non
845 1070 992 1163 potueris,
1013 1097 1109 1164 posse
1130 1078 1192 1155 isto

69 1184 73 1189 ’
149 1195 242 1260 modo
266 1193 382 1259 dicere.
424 1193 476 1258 83.
498 1192 558 1259 llic
580 1192 731 1272 Crassus,
753 1193 821 1289 Hoc
842 1195 913 1273 tibi,
932 1196 1047 1280 inquit,
1071 1192 1192 1271 Catule,

147 1312 279 1397 primum
304 1309 498 1396 persuadeas
525 1310 621 1375 velim
651 1331 700 1377 me
732 1332 796 1377 non
827 1311 923 1377 multo
956 1330 1048 1376 secus
1075 1310 1193 1385 iacere,

149 1415 219 1493 oum
247 1427 286 1492 de
308 1435 433 1492 oratore
463 1427 629 1513 disputem,
658 1447 696 1493 ac
717 1428 869 1506 facerem,
897 1431 925 1492 si
951 1437 1036 1493 esset
1057 1425 1132 1492 mihi
1153 1426 1193 1492 de
1277 1501 1293 1517 ,

148 1544 301 1609 histrione
334 1544 508 1616 dicendum,
566 1541 723 1627 Negarem
755 1547 837 1610 enim
867 1564 963 1631 posse
997 1564 1067 1610 eum
1099 1545 1194 1609 satis-

149 1661 257 1727 facere
283 1663 444 1745 ingestu,
469 1662 532 1724 nlsi
552 1659 758 1745 palaestram,
785 1663 849 1726 nisi
874 1662 991 1726 saltare
1014 1661 1194 1738 didicissem
1254 1735 1257 1742 ¹

147 1796 269 1862 neque,
303 1797 343 1845 ea
375 1797 445 1842 cum
477 1777 632 1854 dicerem,
664 1797 713 1845 me
745 1797 817 1843 esse
848 1777 1031 1843 histrionem
1061 1796 1194 1842 necesse

150 1904 251 1971 esset,
279 1895 335 1960 sed
361 1894 498 1960 fortasse
525 1914 589 1959 non
616 1892 741 1959 'stultum
763 1894 859 1960 alieni
884 1893 1006 1960 artiticii
1034 1895 1194 1961 existima-

149 2021 258 2077 torem.
301 2009 352 2077 84.
386 2008 578 2097 Simpliciter
602 1989 750 2077 nunc-de
777 2022 902 2081 oratore
928 2022 1034 2077 vestro
1061 2010 1194 2096 impulsu

149 2128 270 2219 loquor,
293 2148 411 2199 summo
432 2129 563 2197 scilicet.
596 2126 729 2215 Semper
745 2131 838 2204 enlm,
860 2148 1043 2220 quacunque
1065 2128 1104 2194 de
1125 2137 1193 2195 arte

150 2255 203 2310 aut
229 2245 377 2311 facultate
405 2247 577 2329 quaeritur,
610 2245 648 2312 de
678 2245 823 2329 absoluta
855 2245 1053 2340 etp-‹erfecta
1084 2246 1193 2328 quaeri

149 2362 241 2426 solet.
285 2359 410 2438 Quare
433 2363 463 2424 si
483 2361 548 2424 iam
568 2380 617 2425 me
639 2360 733 2424 vultis
755 2379 828 2425 esse
851 2371 1020 2437 oratorem,
1048 2361 1077 2423 si
1099 2361 1194 2424 etiam

150 2474 365 2573 Qbonum,
396 2477 424 2539 si
455 2474 572 2540 bonum
602 2474 751 2557 denique,
781 2493 846 2539 non
876 2474 1067 2561 repugnabo.
1112 2473 1196 2553 Quid

150 2594 234 2664 enim
259 2612 340 2663 nune
371 2593 430 2656 sim
457 2593 602 2677 ineptust
634 2593 679 2657 ita
705 2610 754 2655 me
782 2592 954 2659 existimari
982 2592 1059 2661 scio.
1103 2589 1195 2674 Quod

236 2790 325 2844 XXll.
360 2789 403 2844 82.
440 2789 683 2861 haudquaquam]
708 2791 807 2861 hauto.
831 2792 906 2846 solus
927 2791 1000 2844 Vict.
1025 2819 1056 2833 -
1088 2787 1194 2858 lomele]
1259 2814 1269 2837 ·

152 2875 270 2929 hercule
288 2874 338 2945 Lg.
354 2876 380 2930 6.
399 2873 433 2928 23
446 2890 519 2927 corr.
538 2873 580 2928 81.
597 2874 641 2928 83.
658 2902 694 2916 -
712 2893 776 2928 esse
794 2879 825 2930 tu
845 2876 886 2942 te]
902 2877 958 2930 inv.
976 2872 1026 2944 Lg.
1040 2873 1082 2928 to.
1101 2891 1153 2928 om.
1168 2873 1194 2930 6.

150 2957 222 3012 Mox
239 2965 325 3011 tanta
342 2958 385 3010 33.
397 2987 433 3003 ..-
450 2957 600 3028 tuteldepo]
618 2957 657 3011 sic
672 2957 723 3028 Lg.
737 2959 778 3012 35.
793 2988 828 2998 -
845 2963 941 3012 ommis
957 2959 1080 3029 aradus]
1098 2958 1196 3029 scripsi

153 3060 188 3095 ex
208 3041 258 3112 ng.
278 3041 411 3106 omnihus,
429 3042 499 3096 Vict.
520 3041 611 3097 Gu.1.
628 3070 664 3087 ν-
681 3044 869 3115 mnpnopore]
891 3061 916 3097 v.
934 3043 969 3095 od
986 3042 1006 3098 1.
1026 3042 1069 3108 35,
1088 3042 1147 3098 161.
1159 3071 1195 3083 -

151 3126 300 3196 intellego]
316 3124 412 3194 fuisse
432 3125 523 3185 intell.
544 3126 637 3181 bamb.
653 3155 688 3166 —-
707 3131 739 3179 ire
758 3128 849 3180 tantis
867 3131 925 3180 tuts
942 3126 1195 3199 occupationibus]

113 3206 117 3213 ¹
147 3213 190 3265 sic
207 3209 307 3263 inverti
325 3210 472 3263 secundum
492 3209 541 3281 ng.
558 3211 583 3265 6.
602 3210 645 3264 tt.
664 3210 705 3263 32.
723 3211 766 3266 65.
785 3211 827 3265 76.
845 3210 940 3264 Lamb.
977 3211 1066 3282 Vulgo
1086 3216 1118 3264 tu
1136 3215 1195 3265 tuis

151 3298 255 3357 tantis,
277 3310 331 3363 quo
351 3294 441 3364 positu
460 3299 519 3348 tuis
537 3296 620 3366 longe
637 3296 742 3349 maiore
759 3297 788 3348 vi
807 3295 962 3365 praeditum
978 3294 1096 3359 videtur,
1115 3310 1195 3362 quom

151 3378 240 3433 debet.
257 3405 295 3456 ἡ
314 3395 355 3434 are
372 3380 420 3449 st]
436 3395 472 3437 ac
490 3382 518 3434 st
534 3377 585 3454 Lg.
604 3388 717 3450 praeter
734 3379 775 3435 35.
794 3379 837 3433 65.
855 3378 909 3443 93,
929 3379 992 3435 itero
1011 3377 1081 3434 Viot.
1102 3377 1154 3434 Gu.
1168 3377 1194 3433 a.

153 3478 189 3517 ac
206 3460 258 3517 Gn.
278 3462 301 3516 1.
362 3494 375 3511 s

134 3547 136 3551 ’
236 3544 280 3598 83.
315 3545 363 3600 loto
390 3546 526 3615 Crassus]
551 3546 619 3601 laute
644 3546 689 3601 Cr.
718 3546 768 3617 ng.
788 3546 814 3600 5.
836 3546 862 3601 6.
889 3546 929 3600 15.
954 3546 995 3601 16.
1019 3546 1061 3602 23.
1085 3546 1127 3602 ut.
1152 3546 1195 3600 32
1295 3568 1302 3583 s

152 3628 195 3682 65.
216 3628 258 3681 67.
278 3628 320 3683 69.
339 3630 380 3683 76.
400 3631 441 3684 73.
459 3631 492 3685 81
510 3649 580 3685 corr.
600 3640 630 3685 nt
647 3631 688 3686 35.
707 3631 749 3684 86.
782 3629 852 3683 Istuc
869 3630 911 3686 35.
936 3630 987 3686 Gn.
1007 3630 1030 3685 1.
1047 3661 1083 3670 -
1104 3648 1197 3703 posse

154 3713 231 3779 eum]
250 3713 305 3766 inv.
323 3713 375 3784 Lg.
388 3713 414 3766 5.
435 3715 466 3791 14
478 3733 549 3769 corr.
567 3715 610 3768 31.
630 3714 671 3768 76.
690 3716 726 3758 ν’-
745 3714 932 3784 sattsfaoere]
952 3716 1060 3769 divisim
1076 3714 1127 3786 Lg.
1144 3715 1198 3782 81.,

152 3813 233 3865 qoem
250 3813 306 3850 non
323 3813 424 3866 sequor
441 3798 586 3853 discrimen
603 3799 675 3855 inter
692 3798 884 3868 satisfacere
902 3809 929 3853 et
943 3799 1120 3869 satisfacere
1137 3816 1199 3853 esse

153 3881 315 3951 intelligens.
348 3880 452 3950 facere
475 3887 551 3937 sotis
572 3881 615 3936 84.
639 3909 676 3924 ·-
708 3886 957 3951 eatsttmatorem]
988 3888 1199 3941 extimatorum

152 3965 203 4036 Lg.
224 3965 265 4019 15.
284 3965 325 4020 76.
362 3969 589 4029 aestimatorem
606 3966 685 4021 lion.
776 3996 778 4001 ,
1186 3986 1193 3993 ¹

119 4067 124 4077 ·
237 4048 280 4104 st.
318 4052 457 4123 impulsu]
482 4068 535 4106 om.
559 4049 610 4121 Lg.
629 4050 654 4105 6.
674 4080 709 4090 -
737 4052 925 4119 eatsttmart]
948 4053 1125 4105 eutsttmare
1147 4047 1198 4116 Lg.

118 4145 122 4149 '
154 4141 266 4204 praeter
285 4133 327 4191 17.
346 4135 388 4190 76,
407 4134 457 4200 83,
477 4151 592 4204 quornm
610 4135 713 4204 primus
731 4140 883 4199 estimari,
901 4137 963 4188 item
983 4133 1033 4188 Gn.
1050 4131 1071 4185 1.
1084 4129 1109 4186 2.
1129 4129 1199 4185 viu.
