2980 4602
258 306 347 376 154
649 305 909 373 CICERONIS

260 476 346 542 Galli
367 477 530 564 propinqui
558 477 607 540 sui
630 473 667 553 Q.
689 475 838 561 pupillum
859 475 955 541 ilium
979 478 1046 563 ipse
1068 497 1169 565 paene
1192 482 1225 544 in
1246 480 1302 546 bu-

258 598 361 661 m'eros
385 614 460 660 suos
483 593 663 669 extulisset,
689 597 742 679 qui
763 595 861 679 patris
891 594 1061 660 clarissimi
1083 598 1303 664 recordatione

258 723 289 778 et
317 714 469 778 memoria
493 711 596 779 fletum
622 710 735 798 populo
764 723 918 789 moveret,
952 724 983 778 et
1011 712 1091 779 duos
1117 714 1200 781 ilios
1227 736 1303 793 suos

256 851 372 918 parvos
398 829 514 895 tutelae
540 829 647 915 populi
674 828 924 895 commendasset
950 849 988 896 ao
1017 851 1066 908 se,
1094 843 1242 917 tanquam
1268 836 1302 898 in

255 951 417 1036 procinctu
445 956 662 1013 testamentum
690 946 810 1010 iaceret
841 948 909 1038 sine
941 947 1025 1013 libra
1056 959 1148 1034 atque
1175 951 1301 1026 tabulis,
1378 974 1382 979 ·

160 1112 163 1116 -
255 1067 401 1154 populum
430 1063 604 1130 Romanum
639 1072 770 1129 tutorem
809 1065 970 1130 instituere
1008 1065 1140 1156 dixisset
1175 1066 1300 1132 illorum
1410 1054 1415 1062 ⁸

255 1184 390 1250 orbitati.
425 1180 532 1268 ltaque
555 1201 624 1246 curn
645 1189 675 1245 at
695 1180 815 1245 invidia
836 1191 867 1244 et
889 1181 961 1246 odio
982 1170 1097 1269 popullt
1115 1193 1178 1248 tum
1197 1183 1302 1250 Galba

253 1311 453 1390 premeretur,
475 1298 562 1363 hisce
586 1318 655 1362 eum
676 1298 851 1382 tragoediis
872 1297 1038 1364 liberatum
1058 1299 1193 1377 serebat3
1217 1303 1301 1386 quod

255 1421 329 1485 item
362 1416 443 1503 apud
470 1414 620 1481 Catonem
652 1417 798 1501 scriptum
830 1435 902 1482 esse
926 1416 1019 1482 video
1049 1420 1112 1482 uisi
1134 1393 1243 1499 prieris
1270 1430 1300 1484 et
1328 1461 1335 1471 ·

254 1536 394 1601 lacrimis
421 1533 498 1597 usus
525 1544 615 1608 esset,
641 1552 762 1614 poenas
789 1553 860 1597 eum
885 1536 1034 1599 datarum
1061 1536 1168 1617 [uisse.
1210 1533 1299 1601 llaec

253 1652 389 1718 Rutilius
416 1651 510 1716 valde
531 1650 727 1737 vituperabat
752 1660 783 1715 et
807 1649 879 1715 huic
907 1648 1072 1718 humilitati
1098 1651 1223 1719 dicebat
1246 1652 1300 1718 vel

254 1769 400 1836 exsilium
425 1768 524 1838 luisse
550 1767 602 1834 vel
629 1778 757 1837 mortem
785 1768 1041 1854 anteponendam.
1091 1769 1165 1836 229,
1190 1768 1299 1857 Neque

253 1908 330 1954 vero
356 1886 418 1954 boc
445 1885 546 1952 solum
572 1886 665 1962 dixit,
694 1886 750 1950 sed
772 1887 840 1971 ipse
866 1887 1017 1950 etsensit
1040 1885 1176 1953 etfacit.
1219 1886 1300 1965 Nam

255 2025 324 2071 cum
346 2014 432 2069 osset
453 2004 507 2068 ille
529 2005 578 2067 vir
600 2003 789 2089 exemplum,
811 2013 843 2068 ut
865 2005 969 2081 scitis,
992 2006 1191 2070 innocentiae
1215 1994 1299 2072 cum-
1406 2094 1411 2099 .
1478 2026 1479 2063 ς

254 2114 313 2209 qu'o
345 2121 400 2187 illo
432 2141 523 2186 nemo
555 2140 655 2206 neque
688 2118 841 2205 integrior
870 2114 956 2186 esset
987 2123 1020 2185 in
1047 2124 1172 2191 civitate
1198 2144 1298 2210 nequo

201 2230 401 2316 'sanction
423 2259 486 2306 nou
508 2239 599 2305 modo
623 2238 752 2324 supplex
773 2238 928 2304 iudicibus
952 2259 1024 2304 esse
1045 2240 1161 2321 voluit,⁴
1181 2242 1237 2307 sed
1257 2262 1297 2307 nc
1384 2304 1390 2313 ,
1478 2236 1479 2245 ’

252 2358 393 2424 ornatius
425 2356 549 2444 quidem
580 2365 633 2421 aut
657 2355 788 2426 liberius
816 2375 944 2426 causam
979 2356 1043 2428 dici
1066 2346 1173 2437 uuam,
1206 2379 1299 2445 quam
1393 2444 1401 2454 ,

251 2591 346 2653 aas,
361 2589 453 2651 7676.
482 2589 588 2663 sulpiti
602 2578 645 2651 21}
659 2619 695 2637 ..-
712 2592 916 2668 paen01peue
933 2591 1011 2649 codd.
1027 2592 1160 2661 plerique.
1175 2619 1208 2633 »-
1233 2610 1298 2647 mo-

252 2679 341 2745 neret]
359 2674 493 2731 manebat
510 2675 559 2746 Lg.
573 2676 606 2729 23
618 2693 688 2731 corr.
706 2704 742 2719 κ-
765 2668 1012 2745 comme‘ndasset]
1030 2693 1123 2730 oonur.
1144 2677 1194 2746 ng.
1212 2677 1298 2731 lia-

246 2762 417 2836 prooiuotu]
428 2765 651 2831 prouinciarum
663 2761 712 2833 Lg.
721 2761 831 2816 23c0rr.
846 2780 871 2819 u.
884 2770 902 2815 t.
917 2766 1059 2834 promptu
1072 2760 1123 2815 Gur.
1134 2763 1156 2815 l.
1174 2767 1299 2833 promtu

252 2846 304 2901 Gu.
317 2845 342 2899 9.
357 2876 388 2889 -
404 2845 549 2916 populum
566 2846 667 2914 Rom]
684 2854 782 2919 pater,
797 2865 843 2920 pr.
858 2851 961 2921 piaris
979 2844 1096 2914 (Gal.)
1114 2862 1155 2914 pr.
1174 2863 1195 2900 r.
1216 2863 1299 2914 quae-

251 2931 322 2985 dam.
353 2933 503 3001 praetoris
526 2930 577 2984 (lu.
601 2931 626 2986 2.
652 2963 683 2979 -v
715 2936 871 2987 instituere
890 2964 921 2977 -ψ
938 2930 1080 2997 orbitati]
1106 2934 1299 2987 instruere-

252 3013 354 3069 orbati
371 3013 422 3067 Gu.
444 3014 467 3068 l.
490 3043 525 3052 -
554 3018 628 3083 tum]
651 3016 786 3088 oung.
809 3017 910 3072 1665.
935 3049 965 3057 -
995 3015 1086 3083 bis'oo]
1112 3017 1152 3070 sio
1171 3017 1207 3070 de
1226 3016 1299 3070 Heu-

249 3100 353 3170 singerl
369 3098 439 3151 conl.
459 3098 523 3159 Sub,
539 3099 623 3155 Henr.
644 3101 730 3159 Codri.
750 3102 871 3161 nonnulli
888 3102 935 3156 bis
954 3101 1022 3172 (Erl.
1038 3100 1075 3168 l.)
1094 3105 1177 3171 isque
1194 3101 1256 3173 (Lg.
1271 3105 1296 3156 3.

250 3186 274 3240 5.
294 3183 335 3238 20.
354 3183 396 3240 tl.
417 3182 451 3235 74
469 3200 538 3238 corr.
559 3193 588 3243 ut
605 3184 647 3240 67.
660 3186 705 3241 'ab
723 3204 793 3240 corr.
818 3196 847 3240 ut
868 3188 893 3247 6,
917 3186 974 3255 65.)
999 3190 1037 3240 iis
1055 3186 1121 3257 (bg.
1145 3186 1170 3241 6.
1195 3189 1234 3242 lo.
1254 3186 1296 3241 aa

190 3273 193 3279 “
250 3269 293 3323 79.
312 3268 354 3321 73.
370 3266 428 3335 86.)
453 3272 547 3338 iisque
566 3269 634 3341 (Lg.
655 3272 693 3326 17.
716 3272 768 3325 Gu.
786 3272 812 3324 9.
832 3266 916 3339 Vici.)
952 3271 1043 3342 Vulgo
1063 3270 1111 3325 bis
1130 3289 1244 3343 quoque
1261 3289 1297 3324 ex

249 3351 326 3406 Med.
343 3354 366 3408 l.
385 3352 409 3407 2.
433 3352 503 3407 Ven.
523 3355 584 3410 Ald.
616 3355 663 3411 bis
681 3361 768 3426 quasi
784 3356 858 3416 Lott.
876 3374 928 3428 mg.
950 3356 1023 3410 Crat.
1042 3357 1112 3410 Vici.
1130 3356 1224 3411 Muell.
1244 3353 1293 3413 Or.

249 3438 327 3505 „Sed
346 3437 520 3507 trapoedias
538 3439 591 3493 boc
609 3458 691 3494 sensu
709 3441 768 3498 sine
786 3445 874 3511 prtasi
889 3458 993 3511 ponere
1010 3442 1082 3494 solet
1101 3442 1197 3495 Cicero
1216 3440 1262 3510 (cl.
1275 3439 1295 3500 l,

248 3523 297 3589 51,
316 3521 374 3578 219.
400 3521 435 3582 ll.
454 3524 502 3589 51,
520 3523 579 3582 205.
604 3525 652 3592 55,
670 3526 734 3593 225)
758 3535 785 3578 et
804 3525 918 3579 offendit
935 3529 1024 3595 prasi
1040 3526 1131 3594 alieno
1150 3527 1214 3583 loco
1232 3532 1297 3579 anto

249 3625 316 3660 eum
335 3607 533 3663 collocatum.“
559 3607 649 3664 Henr.
685 3611 797 3664 Rectius
818 3610 936 3664 sortasse
954 3610 1096 3679 scripseris
1117 3612 1192 3678 quod
1211 3620 1253 3665 est
1270 3613 1299 3666 iu

247 3691 345 3748 lirul.
363 3723 397 3733 -
424 3694 502 3760 eum]
521 3711 588 3747 oum
605 3694 662 3754 ΕΗ.
678 3695 701 3749 l.
722 3695 771 3767 bg.
785 3695 828 3750 65.
849 3702 877 3736 ’-
904 3695 1177 3766 lacrimis1sicbg.
1196 3696 1236 3751 ll.
1257 3696 1299 3755 15.

249 3777 281 3829 17
299 3794 369 3834 corr.
407 3776 548 3846 laorpmis
566 3779 608 3833 20.
631 3779 674 3833 24.
692 3780 733 3834 35.
754 3780 797 3834 65.
815 3780 859 3836 67.
877 3779 919 3835 69.
940 3778 981 3834 76.
1002 3778 1044 3831 73.
1062 3779 1105 3833 81.
1124 3780 1167 3834 86.
1184 3811 1221 3820 --
1245 3780 1300 3833 bu-
1361 3820 1372 3835 .

247 3861 384 3927 militati]
402 3860 531 3915 utilitati
547 3852 714 3920 humilitati
730 3865 800 3923 Viot.
819 3896 849 3906 -
868 3864 1021 3931 cnsilium]
1040 3880 1056 3916 s
1072 3881 1129 3917 non
1148 3873 1300 3935 agnoscunt

248 3943 298 4012 Lg.
319 3952 429 4012 praeter
445 3944 470 3998 3.
491 3946 515 3999 5.
533 3946 575 4000 93.
596 3965 635 4017 pr.
656 3966 689 4003 m.
710 3981 741 3990 -
766 3949 915 4004 casalium
933 3947 1029 4004 bamb.

335 4024 395 4089 929.
433 4029 507 4098 ipse}
524 4046 576 4085 om.
595 4029 644 4101 Lg.
662 4032 701 4089 15.
715 4063 750 4075 —-
767 4039 797 4086 ot
814 4035 917 4103 sensit]
935 4037 1029 4087 etiam
1046 4033 1138 4085 sensit
1154 4029 1197 4101 bg
1208 4027 1296 4080 73.—

249 4107 312 4177 We]
332 4111 389 4162 ute
405 4109 455 4181 hs·
473 4110 516 4167 tt.
533 4142 569 4155 -
593 4117 691 4185 nonu]
715 4130 767 4173 ou
786 4115 856 4174 vrci
878 4138 909 4163 ι»
937 4117 1042 4187 votuit]
1063 4113 1159 4183 scripu
1182 4127 1218 4168 ex
1240 4109 1293 4173 uu.
