2980 4602
393 324 451 390 DE
480 322 708 393 01147033
735 324 860 395 LIBER
881 323 903 391 1.
925 323 979 391 43.
1112 326 1202 399 'm

159 496 258 561 certis
287 495 325 560 de
354 494 459 559 causis
488 514 509 559 a
533 494 691 581 plerisque
718 493 810 559 aliter
835 494 1045 571 existimatum
1066 492 1204 579 prhnun

157 615 235 696 quia
251 622 373 677 veteres
388 611 446 689 iiii,
466 613 519 696 qui
535 610 608 677 huic
623 610 775 681 scientiae
790 609 998 695 praefuerunt,
1015 603 1203 677 obtinendae

157 739 249 813 atque
284 727 447 811 augendae
474 730 630 814 potentiae
664 745 741 791 suae
765 745 873 801 *eausa
896 725 1075 812 pervulgari
1104 738 1203 793 artem

156 865 245 910 suom
262 844 441 910 noluerunt:
465 844 587 921 deinde,
608 854 721 930 postea
736 862 829 928 qnam
850 853 899 907 est
919 842 1034 907 editum
1053 846 1203 929 expositis

156 981 178 1025 a
205 959 261 1027 Gn.
284 958 395 1026 Flavio
421 963 552 1046 primum
580 959 770 1036 actionibus,
797 959 876 1024 nulli
903 958 1039 1036 inerunt,
1065 962 1118 1045 qni
1144 960 1204 1027 illa

156 1078 327 1144 artificiose
346 1078 470 1161 digesta
490 1081 663 1162 generatim
678 1086 907 1165 componerent.
942 1072 1027 1141 Nihil
1046 1087 1094 1142 est
1110 1080 1202 1156 enim,

153 1196 239 1280 qnod
263 1195 305 1260 ad
322 1204 420 1259 artem
439 1195 542 1280 redigi
558 1197 667 1282 possit,
688 1197 751 1261 nisi
772 1193 939 1279 illandus,
962 1195 1015 1278 qui
1036 1193 1094 1259 ilia
1109 1192 1202 1272 tenet,

153 1332 288 1397 qnorum
310 1322 408 1377 artem
430 1314 590 1377 instituere
612 1311 690 1387 vult,
718 1310 834 1376 habeat
855 1309 944 1375 illam
966 1312 1143 1387 seientiam,
1169 1321 1203 1376 nt

153 1449 192 1493 er
219 1431 263 1493 iis
291 1427 406 1505 rebus,
436 1447 565 1513 quarum
593 1447 645 1492 ars
671 1446 736 1493 non
762 1428 833 1491 dnm
858 1429 918 1503 sit,
951 1437 1050 1493 artem
1076 1426 1202 1494 efficere

123 1538 129 1551 ‘
150 1548 266 1631 possit.
309 1541 377 1608 Hoo
398 1544 502 1620 uideo,
524 1548 596 1608 dum
616 1542 753 1607 breviter
772 1541 924 1606 voluerim
945 1543 1065 1619 dicere,
1087 1543 1201 1633 dictum

152 1681 174 1727 a
201 1681 255 1725 me
283 1678 356 1723 esse
383 1658 477 1743 paulo
505 1659 689 1734 obscurius3
717 1656 777 1721 sed
803 1659 947 1742 experiar
972 1667 1003 1723 et
1030 1657 1146 1737 dicam,
1168 1662 1202 1726 ’si

150 1787 285 1863 potero,
306 1775 441 1860 planias.

243 1889 341 1956 XLII.
379 1890 451 1956 137.
486 1887 705 1966 omniafere,
737 1907 818 1973 quae
846 1899 916 1955 sunt
944 1886 1095 1954 eonelnsa
1120 1909 1201 1958 nune

153 2009 291 2086 artibus,
322 2009 469 2094 dispersa
500 2008 717 2092 etdissipata
748 2005 903 2090 quondam
933 2006 1074 2086 fuerant3
1106 2018 1139 2072 ut
1167 2010 1200 2074 in

154 2122 283 2192 musicis
309 2127 430 2190 numeri
461 2135 496 2197 et,
520 2143 616 2189 uoces
644 2133 675 2188 et
704 2122 807 2199 modi;
840 2124 873 2186 in
897 2126 1071 2207 geometria
1096 2123 1199 2190 linea-

245 2340 301 2393 136,
338 2338 540 2405 existimatur]
558 2341 732 2414 amaiaatar
749 2338 800 2392 Gn.
819 2339 844 2392 3.
862 2339 913 2409 Lg.
932 2339 958 2393 3.
977 2339 1002 2392 4.
1024 2338 1063 2393 13.
1082 2339 1116 2393 33
1127 2356 1199 2395 corr.

156 2422 202 2474 36.
223 2422 260 2475 U.
278 2424 308 2476 Z.
331 2451 366 2461 —
393 2422 578 2489 obtinmtdae]
602 2427 692 2495 opita.
715 2421 764 2492 ng.
785 2423 810 2476 5.
829 2423 871 2476 39.
889 2422 932 2475 31.
950 2422 1074 2502 336011.
1094 2422 1135 2476 76.
1155 2424 1200 2478 73.

157 2505 201 2558 76.
218 2534 255 2543 -
277 2508 429 2576 potentiae
446 2506 529 2573 snae]
553 2523 623 2559 saae
647 2523 700 2559 om.
724 2505 772 2574 Lg.
791 2506 834 2558 34.
854 2532 890 2546 -
913 2511 1021 2576 postea
1039 2506 1140 2574 qaam]
1160 2507 1201 2558 sic

155 2587 209 2659 Lg.
226 2588 269 2644 67.
286 2589 330 2643 69.
350 2587 390 2641 70.
409 2587 450 2642 73.
468 2587 510 2641 34.
528 2589 569 2643 36.
587 2590 629 2643 93.
660 2595 821 2661 postquam
837 2587 873 2641 U.
892 2586 943 2656 Lg.
959 2585 985 2639 3.
1004 2587 1028 2640 6.
1054 2587 1106 2640 Gn.
1124 2587 1148 2641 3.
1163 2616 1200 2630 —

148 2675 313 2745 copositio]
331 2666 498 2744 expositam
515 2672 564 2743 Lg.
576 2674 610 2727 65
622 2690 695 2725 corr.
712 2668 765 2724 om.
777 2669 819 2725 34,
848 2672 1045 2742 expositionis
1062 2670 1114 2723 Gn.
1127 2671 1152 2726 3.
1163 2700 1199 2714 ·-

157 2755 273 2823 Flavio]
299 2756 392 2810 Fabio
416 2756 465 2827 Lg.
486 2757 511 2809 3.
530 2759 554 2811 4.
575 2775 600 2810 v.
619 2774 645 2809 u.
664 2763 683 2808 t.
705 2755 744 2809 13.
766 2756 805 2809 14.
825 2755 868 2810 39.
892 2753 927 2807 33
943 2770 1013 2808 corr.
1032 2754 1075 2810 36.
1091 2755 1134 2810 69.
1154 2756 1198 2813 93.

156 2839 258 2894 diodoto
278 2840 318 2895 15.
354 2843 409 2910 aie.
430 2841 494 2909 (sic)
516 2840 667 2894 lanata
688 2841 740 2894 Gn.
758 2843 784 2894 3.
803 2840 973 2893 comestione
991 2838 1142 2896 moniiesta.
1160 2871 1196 2882 —

155 2924 219 2991 iila]
245 2925 330 2977 iilam
346 2924 396 2995 Lg.
415 2928 440 2979 4.
473 2929 534 2978 ista
551 2924 594 2979 65.
626 2942 663 2978 ea
680 2925 723 2979 31.
742 2943 794 2978 om.
813 2925 856 2978 34.
874 2923 945 2977 vict.
967 2952 1003 2963 —
1031 2927 1197 2994 instituere]

122 3008 125 3019 ¹
153 3012 299 3061 instruere
316 3008 388 3064 vict.
411 3037 447 3050 --
476 3008 601 3076 habeat]
624 3019 720 3063 auctor
742 3009 821 3062 hunius
844 3010 1010 3078 scripturae,
1035 3027 1105 3079 quae
1129 3028 1198 3064 vera

153 3092 276 3158 videtur,
296 3088 352 3145 noir
370 3101 521 3162 comparet.
552 3092 637 3146 Codd.
656 3092 707 3164 Lg.
728 3095 823 3147 omnes
841 3103 868 3146 et
887 3091 939 3145 Gn.
956 3091 982 3145 3.
1002 3094 1027 3146 3.
1047 3092 1142 3148 habet.
1161 3123 1197 3136 --

153 3193 192 3239 aa
212 3177 261 3243 iis]
280 3194 318 3229 aa
333 3175 379 3229 luis
391 3176 443 3248 Lg.
456 3177 499 3230 34.
512 3178 554 3231 65.
569 3177 611 3231 67.
624 3177 666 3231 69.
679 3178 720 3231 76.
734 3179 775 3232 73.
790 3179 831 3231 76.
843 3178 885 3231 34.
897 3177 940 3231 36.
954 3176 997 3230 93.
1017 3177 1068 3232 Gn.
1087 3178 1109 3232 1.
1123 3179 1147 3231 3.
1161 3208 1197 3218 —

150 3277 212 3313 aaa
229 3261 311 3329 dam]
332 3264 372 3320 sic
389 3262 498 3315 divisim
518 3260 568 3332 Lg.
588 3261 613 3313 3.
631 3261 673 3316 67.
692 3260 733 3317 69.
754 3261 795 3315 79.
820 3260 888 3314 lunt.
908 3261 943 3314 ni.
962 3288 998 3300 —
1021 3277 1039 3312 a
1056 3278 1104 3319 me
1122 3263 1199 3329 esse]

151 3345 208 3398 inv.
226 3344 277 3414 Lg.
296 3346 338 3399 33.
357 3345 399 3400 36.
416 3374 453 3387 ·-
473 3345 578 3417 paolo]
602 3344 655 3410 sic,
674 3352 703 3397 ut
722 3345 828 3411 soient,
849 3343 899 3415 Lg.
920 3360 1014 3398 omnes
1032 3343 1075 3398 Ga
1093 3344 1117 3399 l.
1135 3344 1160 3399 3.

239 3459 325 3516 XLil.
364 3461 422 3516 137.
457 3464 584 3530 aameri]
602 3469 632 3515 et
649 3462 752 3516 addunt
769 3462 818 3532 Lg.
838 3478 893 3514 non
912 3460 1007 3530 ponci,
1032 3470 1197 3515 nontamen

148 3545 177 3598 3.
196 3547 221 3600 4.
242 3544 282 3599 13.
301 3546 343 3600 33.
361 3548 403 3601 36.
422 3547 465 3600 67.
483 3545 526 3599 31.
543 3544 586 3600 34.
605 3536 644 3601 ita
660 3564 730 3602 corr.
750 3546 791 3599 33.
827 3545 916 3598 Paulo
940 3550 1056 3598 anteat
1079 3555 1143 3598 ante
1164 3549 1196 3598 ia
1277 3549 1284 3577 '

100 3674 103 3679 .
149 3646 225 3683 mas.
249 3646 302 3684 om.
333 3630 384 3684 Gn.
402 3632 428 3685 3.
452 3659 487 3673 —
522 3630 711 3699 lineamenta]
737 3632 812 3684 addit
837 3635 867 3682 et
889 3628 941 3681 Gn.
959 3627 984 3680 3.
1021 3629 1196 3682 liniamenta

149 3712 279 3783 plerique
297 3716 378 3767 etiam
394 3714 461 3768 boni
477 3715 584 3769 vitiose.
603 3743 640 3756 —-
667 3716 831 3786 astrologia
849 3713 940 3781 caeli]
965 3713 1020 3766 inv.
1039 3712 1089 3783 Lg.
1109 3714 1133 3766 6.
1154 3712 1194 3767 13.

148 3795 193 3849 33.
208 3796 250 3850 36.
275 3796 430 3851 Praeterea
447 3799 524 3852 caeli
540 3807 587 3852 out
604 3796 662 3853 otti
678 3800 742 3853 45.
761 3800 800 3853 17,
815 3792 857 3854 33.
875 3797 917 3851 34.
931 3797 974 3852 36.
993 3798 1035 3852 65.
1053 3797 1095 3852 69.
1110 3797 1196 3851 34.-

150 3883 318 3950 motasqae]
335 3889 433 3935 motas
450 3882 500 3954 Lg.
517 3884 556 3937 15.
571 3913 607 3924 —-
624 3883 831 3952 historiarum]
850 3881 994 3936 distortae
1011 3890 1058 3935 aut
1071 3880 1197 3935 historie

151 3972 180 4016 et
197 3963 351 4033 hystoriae
369 3984 391 4019 s.
410 3984 433 4021 e.
459 3967 509 4038 Lg.
531 3968 573 4021 31.
593 3967 634 4021 76.
652 3967 685 4023 31
706 3986 777 4021 corr.
797 3968 841 4023 36.
866 3967 917 4021 Ga.
935 3968 958 4022 1.
975 3965 1003 4019 3.
1018 3966 1042 4019 3.
1066 3993 1101 4004 -
1132 3983 1196 4019 oer-

149 4045 267 4115 dorttm]
293 4066 346 4104 om.
372 4050 423 4104 Gn.
446 4052 472 4106 3.
495 4082 531 4094 -
562 4052 792 4124 pronuntiandi]
815 4069 867 4121 per
893 4067 909 4103 a
933 4048 985 4101 soli
1008 4048 1059 4116 Lg.
1084 4047 1126 4099 34.
1152 4048 1195 4100 93.

150 4128 294 4186 banh—
309 4136 438 4203 ratione]
458 4141 593 4191 oratione
606 4136 678 4190 Vas.
689 4163 724 4176 -
743 4138 930 4204 ignota—et
948 4128 1071 4194 diffissa]
1089 4125 1197 4189 diffuse
