2968 4596
421 330 480 399 llll
509 328 740 400 ORATORE
768 329 893 400 LIBER
913 331 936 400 l.
961 334 1011 400 16.
1173 338 1239 413 49

277 497 360 566 XVI.
385 496 424 566 llt
444 503 527 566 enirn
547 501 578 566 si
597 508 719 567 constat
740 501 821 567 inter
840 499 950 568 doctos
970 498 1128 568 hominem
1148 504 1240 590 lgne-

186 637 262 683 rnm
281 617 472 702 astrologiae
494 617 626 683 Aratum
647 619 857 683 ornatissimis
880 627 971 704 etque
993 620 1117 706 optimis
1138 624 1241 688 vorsi-

189 733 252 801 bus
273 735 312 800 de
334 734 425 801 caelo
448 734 612 820 stellisque
635 734 774 813 dirisse3
807 735 836 800 si
858 734 897 799 de
918 735 1013 800 rebus
1034 738 1160 805 rusticis
1181 737 1246 807 iro:

189 853 305 918 minem
336 852 376 917 ab
408 871 488 936 agro
521 853 761 918 remotissimum
794 849 986 917 Nicandrum
1013 849 1239 940 Colophonium

188 972 315 1055 poetica
329 969 466 1055 qnadm
481 968 640 1046 facultate,
655 988 719 1035 non
734 970 862 1045 rustica,
879 969 1046 1054 scripsisse
1056 972 1238 1056 praeclare:

189 1086 334 1171 quidest
355 1105 412 1151 cur
428 1105 493 1151 non
511 1095 618 1151 orator
637 1085 786 1151 derebus
808 1087 849 1150 iis
870 1084 1125 1171 eloquentissime
1145 1089 1239 1170 dicat,

189 1223 272 1288 quas
305 1203 346 1269 ad
377 1212 496 1268 certam
528 1221 657 1267 cauam
682 1211 862 1288 tempusque
890 1203 1079 1287 cognoritt‘
1107 1205 1157 1271 79.
1183 1204 1240 1275 Est

189 1322 277 1386 enim
305 1316 452 1385 finitimus
483 1322 602 1385 oratori
633 1329 744 1405 poeto,
775 1321 913 1384 numeris
946 1320 1107 1386 astrictior
1134 1323 1240 1408 paulo,

188 1436 359 1503 verborum
390 1447 493 1502 antem
522 1435 653 1501 licentia
682 1435 830 1515 liberior,
863 1435 968 1501 multis
998 1456 1075 1503 vcro
1108 1441 1240 1509 ornandi

189 1553 364 1638 generibus
386 1557 492 1619 socius
512 1573 552 1619 ac
569 1571 670 1639 paene
685 1571 762 1637 par3
784 1553 817 1616 in
830 1551 891 1618 hoe
907 1552 1030 1638 quidem
1045 1565 1128 1621 certe
1144 1577 1239 1646 propa

190 1670 294 1747 idern,
309 1669 404 1735 nullis
418 1680 451 1735 ut
463 1671 604 1735 terminis
621 1668 858 1734 circumscribat
875 1678 927 1733 ant
941 1667 1067 1735 deliniat
1080 1672 1129 1737 ius
1142 1693 1240 1754 sunm,

193 1806 259 1872 qno
281 1789 381 1851 minus
403 1788 432 1851 ci
452 1787 548 1852 liceu
569 1786 682 1851 eadem
705 1784 763 1850 illa
785 1784 934 1850 facultate
956 1795 987 1850 et
1009 1787 1101 1872 copia
1119 1793 1241 1874 nugari.
1481 1876 1482 1881 ἵ

191 1924 257 1991 qna
282 1903 366 1972 velit.
415 1904 465 1971 71.
493 1902 573 1970 Nam
597 1903 677 1969 illud
699 1922 762 1989 qua
783 1923 833 1980 re,
864 1900 1037 1981 Scaevola,
1065 1909 1189 1992 negasti
1210 1920 1240 1978 te
1259 1902 1307 1949 ⁶²²⁷
1317 1902 1413 1944 *²⁶⁴⁷
1431 1884 1445 1923 ⁴
1476 1908 1479 1919 '

277 2155 352 2210 xvi.
370 2154 414 2210 69.
451 2153 493 2208 Et
511 2153 602 2222 euim]
620 2152 715 2223 scripsi
735 2170 770 2207 ex
788 2151 837 2224 Lg.
856 2153 882 2209 2.
901 2153 944 2209 65.
962 2154 1004 2210 67.
1025 2155 1066 2212 79.
1084 2155 1127 2213 st.
1146 2158 1189 2214 86.
1204 2186 1240 2202 ·-

190 2239 352 2309 homiuem]
379 2238 514 2293 domines
540 2238 590 2310 Lg.
610 2238 634 2292 2.
656 2239 673 2290 l
692 2254 762 2293 corr.
792 2237 832 2293 13.
852 2238 892 2296 15.
911 2239 945 2292 32
963 2258 1032 2295 corr.
1057 2241 1098 2297 36.
1118 2242 1153 2297 69
1169 2261 1238 2301 corr.

191 2326 223 2381 Z.
243 2347 270 2395 γ.
290 2353 327 2366 —-
365 2324 580 2390 ornatissimis]
598 2325 789 2376 ornatissime
806 2321 855 2394 Lg.
870 2323 895 2378 3.
930 2323 982 2377 llic
1000 2325 1078 2395 pluro
1096 2327 1182 2381 rerba
1199 2345 1241 2382 er·

189 2427 258 2463 rore
274 2406 380 2460 librarii
398 2405 531 2475 iterantur
551 2406 579 2458 ln
596 2405 647 2460 Gu.
665 2406 689 2462 2.
708 2436 744 2446 -
777 2407 919 2477 uersibus]
936 2408 1031 2462 uerbis
1051 2409 1100 2480 Lg.
1118 2411 1152 2463 21
1169 2429 1239 2468 corr.

193 2492 327 2546 Aratum
351 2491 429 2558 ponit
451 2495 514 2559 post
536 2488 641 2542 uerbis.
654 2490 722 2545 Vici.
745 2490 796 2546 Gn.
818 2491 841 2547 l.
861 2491 886 2545 2.
912 2499 940 2544 et
959 2492 1058 2561 primns
1080 2510 1148 2549 corr.
1176 2492 1242 2547 Me·

192 2575 355 2639 mandram.
375 2602 411 2612 -
435 2571 598 2642 stellisque]
615 2574 739 2628 stallisue
758 2575 809 2630 Gn.
828 2575 906 2628 1.-
932 2574 1026 2642 caelu]
1046 2575 1085 2627 sic
1102 2574 1142 2630 IX
1160 2576 1240 2631 codd.

189 2660 262 2733 hg„
282 2661 310 2713 in
329 2657 427 2728 quibus
446 2656 487 2712 13.
502 2655 544 2713 65.
563 2686 599 2699 -
621 2657 782 2727 homiaem]
800 2676 852 2713 ons.
868 2658 919 2713 Gn.
933 2657 958 2712 2.
976 2685 1012 2696 -
1035 2659 1086 2726 iis]
1106 2656 1153 2712 tis
1170 2658 1240 2716 Vlct.
1271 2716 1275 2723 .

87 2758 90 2761 “
188 2745 243 2818 Lg.
263 2745 289 2798 2.
309 2743 350 2799 13,
366 2743 406 2797 lt.
421 2741 462 2797 16.
477 2742 573 2798 1721.
589 2742 686 2799 2165.
701 2745 743 2799 67.
759 2744 802 2798 69.
818 2744 859 2798 70.
874 2742 915 2798 73.
935 2759 987 2797 om.
1003 2741 1042 2797 lo.
1080 2747 1106 2797 is
1123 2742 1240 2802 ilcorr.

191 2838 223 2884 nt
240 2829 265 2884 2.
284 2858 321 2870 -
347 2834 460 2881 catam
479 2830 614 2897 causam]
633 2835 732 2883 catus
749 2846 857 2884 causas
873 2826 923 2900 ug.
938 2827 963 2885 3.
976 2827 1018 2884 67.
1036 2855 1071 2867 —-
1095 2831 1242 2902 copnarit]

192 2917 362 2986 aequauerit
381 2912 450 2967 Vict.

279 3015 321 3068 76.
357 3015 523 3081 astrictior]
544 3013 583 3066 sic
602 3011 652 3083 ug.
666 3029 760 3066 omnes
778 3030 818 3083 pr.
832 3013 856 3068 5.
873 3013 911 3068 15.
927 3013 968 3068 73.
989 3013 1057 3069 Vict.
1075 3043 1111 3056 —
1134 3016 1240 3089 paulo]

190 3098 289 3155 Lstmb.
301 3098 414 3172 paullo.
432 3128 468 3140 -
497 3096 631 3164 liberior]
649 3096 768 3151 uberior
786 3096 834 3169 ng.
851 3098 890 3152 15.
906 3097 940 3151 35
957 3115 1026 3152 corr.
1043 3099 1090 3173 lta.
1100 3117 1126 3155 v.
1144 3101 1187 3158 81.
1205 3131 1241 3144 -

185 3186 262 3260 par]
281 3201 333 3239 orn.
352 3182 404 3237 Gn.
421 3183 445 3237 3.
463 3212 500 3254 ›7-
531 3182 622 3250 idem]
641 3182 675 3236 ld
695 3188 740 3235 esi
757 3181 806 3252 Lg.
825 3182 849 3236 2.
868 3181 909 3236 29.
935 3182 1028 3236 iidem
1043 3183 1088 3242 69.
1106 3184 1157 3240 Gu.
1167 3185 1192 3240 3.
1206 3192 1241 3227 —'-

192 3287 251 3341 qua
267 3270 378 3336 miuus]
401 3265 449 3339 ὑφ’
472 3267 504 3322 ἓν
526 3265 577 3338 ug.
597 3266 623 3321 2.
642 3265 685 3321 67.
702 3265 747 3320 69.Ι
765 3267 805 3321 79.
824 3265 866 3322 at.
895 3266 947 3322 Gn.
969 3266 1046 3322 1.-
1080 3284 1138 3338 qua
1156 3268 1240 3340 velit]

192 3371 251 3426 quo
268 3371 293 3409 o.
315 3353 366 3424 ng.
386 3350 425 3408 16.
445 3351 480 3405 32
497 3369 568 3405 corr.
588 3350 631 3405 36.
652 3351 693 3404 70.
711 3349 752 3405 73.
772 3350 810 3404 ita
827 3368 897 3406 corr.
916 3351 940 3406 5.
960 3350 993 3405 21
1010 3359 1038 3405 et
1054 3351 1096 3408 81.
1231 3360 1235 3369 '

255 3506 257 3509 ,
278 3454 321 3510 71.
358 3471 429 3508 uam
447 3452 523 3507 illud
541 3469 649 3522 quaro,
671 3448 831 3528 Scaevola,
849 3453 978 3523 aspasii]
1000 3469 1072 3506 nam
1091 3452 1171 3523 quod
1189 3452 1241 3508 'lo-

192 3557 275 3594 sanus
301 3558 346 3610 ap.
373 3538 450 3592 Grnt.
476 3535 584 3591 Manui.
609 3535 740 3602 Tolenus,
768 3544 796 3590 ut
820 3544 885 3607 post
903 3537 1063 3591 ‘emendavit
1084 3534 1242 3610 Madvigius

193 3631 257 3678 ante
274 3640 426 3694 uunquam
445 3622 534 3675 inedie
551 3621 733 3692 distinguens,
753 3628 783 3673 ut
801 3621 835 3674 sit
853 3620 992 3690 epodosis.
1022 3620 1103 3674 Nam
1121 3621 1186 3674 dedi
1206 3637 1242 3674 ex

193 3708 229 3764 U.
249 3707 299 3780 ng.
317 3708 384 3763 31
406 3708 446 3762 13.
465 3707 509 3762 32.
526 3706 569 3761 67.
582 3706 625 3761 69.
648 3703 703 3771 „ln
722 3707 903 3775 occupatione
920 3713 1065 3776 usurpatur
1082 3721 1168 3768 uam,
1186 3722 1241 3758 non

192 3810 323 3863 namque
346 3794 392 3863 (v.
412 3790 537 3863 Madvig.
558 3809 601 3861 ep.
621 3789 657 3842 ad
677 3787 764 3844 0rell.
785 3807 812 3859 p.
831 3789 897 3858 70);
928 3805 1017 3857 neque
1041 3789 1086 3842 lric
1108 3789 1243 3843 indicatur

193 3895 291 3943 cansa,
316 3877 354 3931 ad
381 3893 462 3946 quam
485 3873 689 3947 significandam
710 3889 865 3944 provocare
881 3874 953 3927 solet
970 3872 1103 3944 particulo
1119 3876 1247 3941 quarn‘l

194 3961 386 4017 Hearicltseu.
423 3961 509 4014 Recte
527 3960 564 4014 de
580 3958 714 4031 particula
730 3973 820 4020 numa
843 3974 899 4011 non
917 3957 980 4011 item
996 3957 1147 4027 sequentia.
1176 3955 1252 4020 Qua'
1333 3952 1336 3965 '

193 4065 227 4100 re
244 4047 324 4101 codd.
345 4046 399 4099 mei
417 4062 519 4099 omnes.
555 4043 660 4098 ludicat
682 4041 796 4096 Crassus
813 4040 977 4094 Scaevolam
994 4055 1104 4092 eausam
1122 4053 1177 4086 non
1195 4038 1242 4086 ha:

194 4130 286 4185 burisw
303 4147 353 4184 eur
370 4131 409 4185 ita
424 4131 592 4199 loqueretur.
608 4155 645 4194 ,··
671 4126 833 4192 uunquam]
852 4124 892 4174 sie
911 4138 962 4187 per
979 4136 1000 4170 a
1019 4120 1069 4184 ις.
1089 4120 1198 4180 praeter
1216 4112 1239 4160 3'·
