2942 4608
385 329 445 398 DE
472 324 699 399 ostiolis
726 323 997 395 iuuenili.
1114 330 1206 403 401

163 502 292 589 spiritus
319 509 351 567 et
374 500 463 567 sutis
490 506 662 565 suuus‘est
688 498 757 586 ipse
783 496 1002 564 moderantius.
1043 491 1097 561 41.
1123 493 1207 563 Nolo

162 622 301 707 exprimi
309 618 419 685 literas
435 615 582 703 putidius,
603 614 678 680 uolo
697 614 863 706 ubseururi
883 612 1206 699 negligentius3'uulu

162 736 261 805 verba
282 735 405 802 exiliter
425 735 606 800 exanimata
625 734 726 809 exire,
753 730 828 796 uulu
850 729 960 797 inflata
983 739 1014 796 et
1035 730 1127 817 quasi
1148 749 1206 796 au-

128 830 145 849 ⁷
162 853 270 920 heiste
293 853 433 938 grauius.
481 847 561 914 Nam
588 847 628 914 ds
653 867 732 916 vute
758 835 921 914 uuu'dum
947 866 988 914 aa
1012 846 1097 925 dico,
1124 866 1205 934 quae

163 980 234 1037 suut
259 971 408 1045 astionis,
439 965 498 1033 sed
523 965 600 1041 hoc,
634 965 718 1051 quud
743 964 818 1030 mihi
847 964 916 1031 eum
943 968 1100 1033 sermuue'
1113 967 1207 1051 quasi

162 1089 361 1154 usuiuuetuuu
383 1083 515 1150 videtur.
559 1079 638 1148 Sunt
665 1085 749 1148 euim
774 1092 862 1149 certa
886 1084 977 1161 uitia,
1006 1101 1087 1169 quae
1112 1101 1205 1149 nemu

127 1250 132 1258 .
162 1198 212 1269 e'st
239 1204 314 1287 quin
345 1199 482 1285 effugere
509 1201 627 1286 cupiat:
659 1200 766 1267 mullis
791 1219 854 1267 vox
886 1209 939 1266 aut
963 1198 1139 1266 muliehsis·
1153 1209 1206 1266 aut

163 1319 267 1416 quasi·
293 1327 382 1384 extra
412 1316 536 1385 mudum
573 1315 696 1384 absona
732 1328 824 1405 atque
859 1310 1006 1383 absurda
1065 1313 1118 1382 tu.
1150 1313 1207 1382 Est

165 1446 268 1517 autem
288 1437 411 1513 uitium,
437 1433 521 1521 quud
546 1452 611 1499 nou
630 1433 710 1499 uulli
737 1434 776 1500 de
797 1413 953 1515 industria
978 1442 1205 1500 euusestautur.
1293 1503 1296 1507 ,

163 1551 294 1619 Rustica
323 1573 385 1619 vux
416 1560 448 1617 et
479 1550 616 1635 agrestis
649 1550 801 1637 quasdam
829 1551 979 1629 delectat,
1010 1569 1072 1638 quo
1102 1550 1208 1635 magis

79 1709 83 1722 ·
164 1671 389 1755 antiquitatem,
411 1669 440 1733 si
459 1669 505 1732 ita
524 1676 624 1744 senet,
646 1686 755 1735 eurum
776 1687 879 1734 sermo
895 1650 1039 1763 'uetiuere
1049 1669 1207 1745 viduatum

163 1796 197 1851 ut
221 1796 306 1863 tuus,
333 1783 457 1862 Catule,
490 1781 613 1850 sodalis
639 1781 677 1849 L.
701 1781 794 1850 Gutta
820 1785 959 1869 gaudere
985 1782 1062 1850 mihi
1086 1784 1209 1850 uidetur

34 1958 42 1963 .
163 1905 318 1988 grauitate
346 1903 475 1988 liuguae
503 1919 643 1987 suusque
669 1901 760 1968 vueis
792 1903 911 1986 agresti
937 1900 1093 1979 utillud,
1124 1900 1207 1988 quod

162 2021 311 2106 loquitur,
336 2023 472 2106 priscum
498 2020 600 2084 uisum
625 2018 666 2083 iri
691 2026 791 2105 putet,
821 2021 851 2083 si
875 2017 969 2104 plane
995 2017 1089 2084 fuerit
1112 2019 1207 2084 rusti-
1303 2024 1304 2031 ’

131 2210 134 2215 ,
165 2156 286 2204 cauum.
330 2135 384 2202 Me
407 2146 510 2202 autem
530 2143 600 2201 tuus
622 2154 720 2202 sunus
741 2144 773 2202 et
795 2134 953 2202 subtilitas
974 2136 1037 2201 ista
1055 2134 1206 2215 delectat3

163 2259 270 2333 emitto
296 2254 477 2330 verberum,
504 2270 682 2339 quanquam
709 2261 758 2318 est
785 2262 891 2339 uaput3
923 2272 1032 2320 vesum
1057 2251 1091 2318 id
1117 2251 1207 2317 aiiert

162 2346 245 2437 ratio
273 2369 386 2436 docent
409 2368 521 2438 literae
553 2367 715 2451 coufirmat
740 2352 933 2434 cousuetudo
964 2378 995 2434 et
1021 2366 1150 2451 legendi
1176 2377 1207 2433 et

163 2636 220 2674 nou
237 2584 327 2672 vitiari
349 2587 434 2670 iatius
456 2614 510 2670 dici
531 2617 591 2669 iure
614 2614 738 2671 decrevit
757 2572 842 2671 Heus.
880 2626 1070 2669 conseramus
1087 2612 1152 2670 Scit.
1170 2614 1208 2668 sie

164 2698 251 2770 cuui.,'
261 2719 377 2785 eusuque
387 2701 511 2770 sequitur
522 2698 620 2759 Muell.
638 2701 711 2755 Vide
723 2701 930 2773 explicationes,
940 2727 976 2740 -
987 2698 1207 2773 perturbatam]

164 2786 317 2843 turbatum
332 2785 383 2856 Lg.
401 2784 427 2841 6.
445 2812 481 2826 —-
506 2786 611 2853 eiiam]
629 2802 684 2839 om.
700 2785 771 2840 vict.
791 2803 793 2806 ’

248 2922 291 2976 ul.
327 2918 515 2987 exanimata]
539 2918 567 2972 iu
589 2929 630 2972 est
650 2919 870 2986 ἔκπνευσθέντα,
892 2919 975 2988 idque
993 2904 1208 2992 προενεχθέντα)

158 3008 366 3078 prmsutttiata.
403 3005 451 3079 Sic
471 3010 518 3056 aut
536 3008 727 3068 examinata,
751 3021 823 3074 quae
842 3003 870 3057 iu
890 3003 969 3057 codd.
987 3002 1076 3056 multis
1095 3020 1150 3056 nou
1169 3003 1207 3055 di·
1302 2998 1305 3013 '

164 3107 290 3161 guoseaa
307 3089 368 3142 iibri
386 3098 413 3143 et
430 3087 491 3141 eud.
511 3094 620 3163 pinnas}
641 3092 818 3143 examinata
835 3088 944 3157 quidem
960 3085 1011 3158 [ις.
1027 3085 1051 3141 3.
1067 3086 1092 3141 5.
1106 3086 1123 3141 6
1135 3105 1207 3142 cour.

165 3174 205 3230 14.
227 3173 267 3229 16.
284 3172 326 3229 90,
344 3173 387 3227 ul.
405 3171 447 3227 39.
464 3170 507 3226 35.
525 3171 567 3225 69.
587 3171 628 3226 70.
645 3172 686 3226 73.
704 3172 747 3227 al.
773 3171 825 3227 uu.
839 3172 865 3226 9.
889 3171 980 3226 Havu.
997 3170 1020 3225 1.
1036 3169 1062 3224 9.
1076 3183 1108 3240 ψ.
1133 3170 1207 3225 Crat.

163 3275 201 3311 esu
217 3262 354 3312 caminata
371 3256 420 3329 [ις.
435 3255 478 3311 67.
505 3255 625 3309 eutltser
643 3260 781 3311 animatu
798 3256 833 3310 de
850 3254 916 3309 Em.
936 3255 1007 3308 cuni.
1025 3253 1089 3308 Scis.
1108 3252 1208 3310 Mucii,

163 3343 256 3397 exilia
279 3349 310 3396 et
330 3345 419 3411 quasi
439 3343 614 3394 exanimata
636 3340 751 3394 coniecit
769 3339 962 3394 Schneiderus.
981 3365 1018 3380 —-
1047 3342 1137 3407 quasi
1154 3355 1209 3394 ast·

146 3425 276 3493 selam]
294 3430 382 3497 quaet·
401 3442 453 3479 um.
472 3422 523 3495 Lg.
540 3422 583 3478 93.
603 3424 699 3494 Steph.
716 3423 778 3477 Aiu
799 3454 830 3464 -
860 3439 919 3476 nun
936 3421 1018 3489 dum]
1038 3421 1077 3473 sic
1094 3419 1144 3492 Lg.
1164 3422 1208 3478 67.

72 3514 85 3523 ‘
163 3507 208 3564 69.
228 3509 269 3564 76.
285 3540 322 3552 —
348 3510 430 3580 quin]
448 3511 499 3578 qut
515 3505 566 3579 Lg.
585 3507 610 3569 3,
628 3506 653 3561 5.
671 3506 698 3562 6.
719 3506 759 3562 14.
779 3506 820 3561 17.
839 3505 881 3560 91.
902 3504 1023 3560 916611.
1043 3504 1085 3558 39.
1104 3507 1147 3561 35.
1164 3506 1208 3561 65.

164 3592 206 3647 67.
226 3593 268 3648 69.
286 3594 327 3649 76.
345 3594 388 3649 61.
406 3592 510 3648 84993.
533 3590 605 3645 vict.
623 3616 659 3631 »-
689 3597 743 3643 aut
759 3587 926 3656 muliebria]
947 3588 987 3642 sic
1011 3590 1090 3644 codd.
1109 3589 1160 3662 lug.
1180 3601 1209 3646 et

162 3677 234 3731 vies.
254 3677 306 3731 Gu.
321 3677 343 3730 1.
358 3678 382 3732 9.
404 3685 515 3748 praeter
532 3674 640 3728 illorum
655 3672 707 3741 76.,
725 3676 823 3745 inquo
839 3682 881 3728 est
898 3680 936 3728 et.
971 3671 1019 3739 Ut,
1037 3674 1111 3744 quod
1124 3676 1208 3747 vulgo

163 3761 272 3829 iegitur,
289 3777 307 3811 a
323 3759 466 3830 Stephano
485 3768 513 3814 et
529 3759 600 3813 Aldu
618 3775 680 3812 esse
698 3759 822 3824 videtur,
839 3759 890 3812 sed
904 3759 1042 3813 sententia
1060 3758 1207 3819 absurdum

165 3850 223 3908 es‚t;
242 3843 306 3896 vide
324 3843 530 3929 exqsiicatiunes.

250 3975 292 4033 19.
328 3975 459 4048 qaudere
488 3973 566 4030 nuit
593 3974 720 4044 uidetur]
747 3993 776 4048 q.
800 3994 838 4032 m.
864 3976 1005 4032 uideatur
1027 3976 1140 4048 1415,
1165 3935 1205 4031 16.

165 4061 199 4116 94
213 4078 285 4117 eoru.
303 4061 345 4116 76.
362 4059 404 4114 73.
422 4087 459 4100 -
482 4065 549 4114 taus
566 4061 667 4129 aeuus]
684 4076 773 4115 sottus
793 4078 845 4117 om.
863 4061 913 4132 Lg.
928 4061 970 4117 91.
988 4088 1024 4103 »-
1043 4058 1206 4125 subtilitas]

166 4147 206 4202 sie
221 4147 362 4220 vulgatum
379 4146 515 4202 suauitas
532 4146 643 4202 correxi
657 4146 807 4202 secuudum
825 4145 876 4216 bg.
894 4162 1002 4211 omues,
1019 4143 1089 4199 Viet.
1110 4140 1162 4196 Gu.
1181 4141 1204 4198 1.
1218 4210 1223 4237 ⁸
