2938 4590
158 336 164 348 ·
259 311 363 383 ΠΙ
611 312 614 318 ’
663 305 920 375 6166601118

264 479 366 557 detur,
392 477 600 545 salsissimus.
643 477 711 545 lloc
738 489 801 545 tum
823 487 871 545 est
891 477 1158 556 venustissimum,
1187 498 1258 545 cum
1280 482 1317 546 iri

263 597 468 664 altercatione
492 598 638 683 arripitur
663 596 703 662 ab
727 597 911 662 adversario
933 595 1060 661 verbum
1083 606 1114 662 et
1136 616 1175 662 ex
1197 618 1253 675 eo,
1282 608 1318 663 ut

265 735 286 781 a
312 714 424 780 (latulo
451 716 485 780 iu
510 712 698 800 Philippum,
731 716 765 778 iu
792 733 863 779 eum
889 715 990 799 ipsum
1016 714 1150 799 aliquid,
1183 718 1236 800 qui
1262 715 1318 781 la-

264 822 407 910 dessivit,
445 830 604 922 iplligitur.
657 831 731 896 656.
765 829 833 897 Sed
864 851 934 897 cum
959 831 1051 918 plura
1077 834 1140 898 siut
1172 831 1318 917 ambigui
1366 916 1370 921 ᾗ

260 970 400 1036 genem
432 948 472 1015 de
499 947 611 1036 quibus
639 960 687 1016 est
716 950 860 1016 doctrine
890 948 1046 1034 quaedam
1072 949 1231 1026 subtilior,
1265 959 1316 1015 at-

80 1080 86 1088 ·
197 1093 205 1099 ·
264 1069 393 1134 temlero
416 1078 447 1153 et
468 1069 618 1154 aucupari
638 1066 738 1133 verba
760 1067 930 1153 oportebit3
956 1068 990 1131 iu
1011 1086 1073 1152 quo
1094 1076 1128 1132 ut
1149 1085 1203 1143 cu,
1229 1084 1314 1153 quoe

263 1197 335 1252 suut
355 1185 532 1270 frigidiora,
552 1188 684 1252 vitemus
702 1186 848 1267 (etenim
865 1185 1046 1261 cavendum,
1068 1205 1108 1250 ne
1126 1188 1314 1252 arcessitum

264 1305 378 1371 dictum
395 1304 540 1390 putetur),
561 1302 716 1389 permulta
735 1312 841 1368 tamen
863 1312 952 1368 acute
975 1302 1125 1368 dicemus.
1168 1301 1311 1369 Alterum

156 1476 168 1499 .
262 1442 365 1507 genus
384 1430 444 1497 est,
465 1419 549 1506 quod
570 1418 666 1485 habet
685 1439 815 1509 parvam
836 1420 925 1487 verbi
947 1421 1205 1498 immutationem
1228 1422 1312 1507 quod

264 1542 299 1606 iri
324 1539 418 1605 litera
443 1539 578 1624 positum
606 1536 722 1604 Graeci
748 1548 863 1604 vocent
889 1533 1158 1624 παρονομασίαν.
1185 1548 1219 1603 ut
1243 1536 1310 1606 No-

202 1690 208 1703 =
261 1660 422 1729 ditiorem,
454 1658 651 1721 mobiliorem
677 1653 776 1735 Coto3
808 1665 861 1720 eut
892 1664 925 1720 ut
955 1654 1054 1732 idom,
1086 1674 1156 1722 cum
1187 1654 1311 1721 cuidem

265 1776 397 1842 diisset
417 1775 537 1841 Eorum
555 1775 787 1839 deambulatum
807 1782 838 1838 et
856 1772 921 1850 illo,
947 1770 1032 1850 (terto
1052 1791 1131 1855 opus
1149 1773 1212 1855 [uit
1225 1775 1309 1840 Dte

269 1992 408 2063 amdipuo
426 1978 590 2046 adieetivuim
611 2007 673 2046 esse
691 1998 829 2062 putarunt
845 2020 881 2034 -
908 1990 1102 2058 salsissimus]
1123 1990 1255 2047 limestus
1274 1992 1312 2051 dc

269 2079 428 2131 coniectura
452 2084 548 2129 contre
573 2075 659 2128 libros
683 2093 777 2129 omues
794 2078 960 2145 (quanquam
983 2093 1056 2129 nune
1076 2076 1176 2130 addicit
1197 2077 1247 2148 Lg.
1266 2077 1307 2134 io.

266 2171 294 2216 et
311 2161 428 2214 fortusse
451 2159 503 2215 Gu.
522 2159 564 2226 6.,
592 2177 628 2217 ex
645 2177 700 2230 quo
717 2160 784 2214 nihil
801 2150 940 2215 euoiotum
958 2160 1072 2230 video),
1095 2161 1309 2225 calciarimumr

263 2246 314 2300 sed
331 2246 369 2298 ita
386 2244 529 2298 dicendum
544 2253 603 2298 erut
621 2251 666 2298 est
682 2245 727 2298 vel
744 2239 929 2314 factumest,
948 2263 1003 2300 nou
1015 2244 1086 2315 furii.
1098 2256 1133 2290 —4
1151 2249 1307 2323 arripitur]

263 2332 361 2403 adripe.
380 2328 428 2402 Lg.
447 2328 489 2384 66.
508 2329 550 2388 67.
570 2329 611 2384 76,
631 2330 672 2384 73.
691 2360 726 2369 -
752 2332 907 2405 ioflipitstr]
926 2329 1171 2405 6669616696.
1189 2332 1232 2386 69.

348 2449 409 2505 656.
444 2448 609 2516 attendere]
628 2448 789 2504 adtendere
806 2449 857 2521 hg.
869 2449 911 2506 65.
927 2449 969 2504 67.
984 2450 1026 2506 76.
1040 2448 1081 2503 73.
1097 2479 1132 2494 η
1152 2452 1307 2523 attemptari]

262 2551 415 2609 pompare
435 2532 485 2604 Lg.
505 2533 548 2588 35.
567 2561 604 2574 -
635 2538 668 2587 io
689 2535 758 2605 prio]
783 2538 815 2588 ia
838 2534 942 2604 quidus
966 2534 1015 2605 bg.
1040 2535 1065 2588 6.
1087 2534 1114 2590 6.
1140 2534 1180 2588 13.
1204 2535 1246 2589 35.
1265 2536 1307 2592 36.

262 2621 304 2675 76,
317 2619 371 2686 66,
390 2618 464 2688 quod
482 2634 537 2673 uon
551 2617 644 2684 ascivi
662 2619 738 2686 quio,
753 2618 806 2672 uisi
820 2619 957 2688 partitive,
975 2619 1109 2689 explicari
1125 2637 1182 2674 uon
1199 2621 1309 2675 videtur

262 2723 359 2776 posse,
383 2705 423 2757 sic
445 2709 536 2763 autem
560 2719 616 2759 nou
639 2711 715 2756 recte
737 2702 926 2774 explicabitur.
962 2703 1089 2757 Ceterum
1110 2704 1307 2758 distinctionem

262 2799 327 2861 post
344 2806 401 2859 pue
420 2788 447 2840 ln
462 2786 524 2844 edd.
539 2787 622 2857 vulgo
643 2787 760 2856 positum
775 2788 880 2843 sustulit
906 2787 992 2843 Nulla
1008 2789 1060 2844 erit
1078 2788 1149 2842 enim
1164 2790 1308 2856 sententie,

261 2892 323 2933 cum
345 2872 432 2930 verbo
455 2871 657 2943 composuerim
680 2876 712 2925 m
734 2888 791 2941 pua
814 2873 864 2941 (sc.
884 2862 1052 2928 attendendo
1078 2881 1106 2926 et
1124 2872 1210 2927 verbe
1225 2890 1307 2926 sucu·

262 2958 368 3030 pendo)
383 2956 533 3029 permedia
550 2962 653 3009 tamen
668 2963 756 3010 aetite
768 2957 916 3020 dieamuer
933 2958 984 3012 sed
1001 2966 1067 3028 epte
1084 2958 1189 3011 dicetur
1206 2961 1237 3011 in
1251 2974 1306 3026 quo

263 3046 312 3114 (se.
329 3040 487 3097 attendendi
505 3048 533 3093 et
549 3040 636 3093 verbu
652 3041 807 3110 aucupandi
824 3042 950 3114 negotio)
967 3049 1000 3096 at
1013 3043 1044 3112 (i.
1058 3060 1082 3097 e.
1097 3041 1214 3108 etiamsi)
1232 3059 1307 3112 puae

261 3132 326 3183 uiui
346 3126 513 3198 fripidiore
534 3128 678 3187 citemus,
703 3126 853 3196 permulta
877 3133 977 3180 temere
1001 3133 1087 3182 ecrite
1110 3126 1250 3180 dieamus.
1272 3154 1307 3169 ·-·

262 3231 337 3284 petae
361 3211 445 3277 suat]
470 3209 611 3280 volgatum
635 3212 696 3263 sint
719 3211 828 3267 correxi
852 3212 1001 3269 secundum
1025 3211 1076 3283 Lg.
1100 3211 1135 3282 2,
1149 3212 1183 3267 3.
1201 3210 1241 3266 lt.
1264 3210 1305 3266 63.

261 3298 304 3355 35.
322 3296 364 3350 36.
383 3295 426 3353 ot.
444 3293 488 3348 66.
508 3314 546 3337 -·
559 3300 588 3346 et
607 3293 697 3361 enim]
716 3293 824 3349 divisim
842 3297 940 3366 scripsi
958 3313 994 3350 cx
1011 3295 1061 3366 bg.
1080 3295 1123 3350 67.
1141 3294 1183 3349 ott.
1203 3296 1245 3352 76.
1265 3295 1305 3350 73.

261 3383 304 3437 st.
325 3381 367 3436 66.
385 3380 429 3434 63.
456 3377 605 3434 6116.-
635 3378 807 3446 cavendum]
832 3380 908 3449 quod
926 3381 1010 3452 vulgo
1027 3380 1136 3433 additur
1153 3386 1198 3433 eet
1216 3380 1306 3434 delevi

261 3473 372 3522 vecutus
396 3463 446 3534 Lg.
472 3471 583 3533 praeter
603 3461 628 3516 6.
651 3461 694 3517 ut.
719 3463 760 3520 76.
783 3463 827 3519 61.
845 3463 887 3518 64.
908 3481 1011 3519 omnes.
1033 3495 1064 3505 -
1093 3466 1190 3532 acute]
1217 3471 1306 3519 aeota

262 3551 312 3621 hg.
330 3549 356 3604 3.
375 3548 402 3606 5.
429 3547 469 3606 lo.
488 3547 529 3601 17.
553 3547 596 3601 66.
615 3546 658 3605 61.
676 3547 718 3604 63.
738 3547 782 3604 24.
800 3548 844 3602 67.
862 3548 904 3604 76.
922 3549 963 3604 73.
982 3548 1026 3603 66.
1045 3548 1087 3605 63.
1105 3549 1151 3602 ite
1174 3566 1245 3609 corr.
1264 3548 1306 3604 66.

232 3702 234 3705 v
262 3635 380 3691 occulta
396 3633 519 3690 Viott-
544 3635 796 3701 immutationem]
815 3636 1017 3688 imitationem
1040 3632 1134 3704 142.
1153 3631 1179 3688 6.
1203 3632 1305 3689 1666.

260 3721 304 3783 61.
325 3720 360 3774 tt
373 3734 444 3772 corr.
463 3725 493 3770 ut
509 3716 534 3770 3,
553 3716 596 3770 65.
617 3717 658 3775 76.
675 3716 715 3775 73.
733 3717 774 3771 76.
792 3716 835 3773 63.
852 3718 923 3773 Vict.
950 3721 1148 3772 mutationem
1164 3716 1190 3774 3.
1206 3718 1247 3772 17.
1262 3717 1303 3772 66.

262 3806 434 3866 imitatione
455 3799 497 3855 36.
529 3819 639 3873 parum
657 3803 702 3872 (p.
716 3804 863 3872 parcam)
885 3799 1236 3876 &intemperamentum
1259 3818 1305 3856 vo·

262 3888 389 3943 calidum
412 3884 548 3941 Graecum
572 3899 667 3941 omnes
690 3886 744 3938 mei
766 3886 846 3940 codd.
868 3895 979 3957 praeter
998 3886 1049 3958 Lg.
1066 3886 1125 3953 61.,
1153 3886 1218 3940 item
1234 3885 1304 3940 Vici.

262 3973 315 4026 Gu.
331 3971 354 4024 l.
368 3969 393 4023 6.
412 3967 547 4033 omittunt,
564 3985 681 4021 vacuum
698 3968 815 4038 spatium
831 3968 934 4024 hebent
953 3969 978 4026 3.
995 3970 1021 4024 6.
1039 3971 1081 4028 66.
1097 3970 1140 4025 63.
1157 3996 1194 4012 ν·-
1215 3968 1306 4032 Catop

262 4060 316 4116 aut
337 4058 370 4105 ut
393 4051 484 4116 idem]
511 4048 584 4103 Cato
608 4056 710 4103 autem
733 4051 794 4107 tud.
817 4052 851 4121 (s.
876 4052 949 4122 eid.)
978 4052 1051 4108 Cato
1074 4060 1174 4108 autem
1198 4052 1304 4116 iudice,

265 4136 374 4195 Catoni
395 4131 547 4196 videlieet,
574 4130 683 4191 Cotem·
704 4140 818 4199 auten,
848 4134 923 4193 tato
948 4144 1002 4194 aut
1029 4139 1160 4194 triticam
1182 4136 1305 4210 quidam
