2938 4590
401 326 461 393 DE
489 325 719 395 0114101411
747 326 930 413 1111141411.
952 330 1005 397 66.
1137 330 1227 403 Ν

175 454 258 560 -nnilri
285 494 409 580 quidem
435 498 538 573 venii,
570 507 641 563 sunt
668 498 752 565 enlm
775 498 926 577 dicuees;
959 494 1078 565 Granio
1103 498 1226 584 quidem
1264 506 1276 519 ·

71 639 80 645 ·
179 632 274 678 nemu
291 612 440 678 dicacior.
483 612 561 689 llcc,
584 617 704 700 qinon,
725 617 938 701 primumne,
961 617 1226 703 quotienscunque

179 732 314 815 puduerit
334 730 448 797 dicium
470 731 543 807 dici,
566 751 699 798 necesse
721 731 895 800 habeamus
917 733 1033 805 dicere.
1068 731 1143 798 245.
1165 731 1226 798 Ριι-

180 846 273 912 sillus
298 849 388 913 lestis
412 850 576 934 precessit.
619 851 721 923 Licet,
748 851 861 935 inquit,
887 854 1030 933 requre?
1055 849 1226 936 Philippus.

182 961 262 1029 Tum
284 967 444 1048 quaesitor
464 984 653 1051 properans:
675 968 775 1034 Modo
797 970 939 1033 breviter.
975 966 1035 1035 llic
1056 967 1129 1033 ille:
1152 966 1226 1033 Neu

136 1096 141 1104 ·
177 1083 348 1146 accusabis.
393 1079 604 1163 Peqnusidsuu
629 1087 757 1166 requio.
801 1083 955 1151 Ridicule.
1000 1083 1065 1151 Sed
1092 1082 1225 1149 sedebat
1338 1092 1342 1102 '

97 1231 115 1245 ·
177 1198 273 1267 iudex
299 1195 336 1263 L.
365 1198 498 1264 Aurifex
528 1199 655 1266 brevior
680 1202 748 1287 ipsc
780 1220 872 1287 quum
900 1205 1013 1271 iestis:
1045 1203 1148 1268 omnis
1174 1210 1224 1269 eei
1276 1277 1301 1300 ,α

177 1316 262 1380 mnus
284 1317 316 1379 in
338 1316 473 1382 iudicem
496 1294 681 1395 conversum
708 1319 810 1385 visum
836 1329 1001 1386 euticium
1025 1319 1157 1385 scurrile
1179 1319 1223 1382 ri-

175 1432 324 1498 diculum.
360 1431 446 1517 Ergo
467 1432 557 1511 haec,
580 1453 661 1519 quae
684 1435 799 1501 cadere
819 1447 951 1522 possunt
970 1441 1004 1503 iu
1026 1457 1105 1523 quus
1126 1434 1220 1512 nelis

175 1552 319 1634 quumvis
352 1552 414 1616 sint
445 1550 558 1626 bellus
579 1541 650 1616 sunt
680 1561 785 1617 tumen
814 1553 884 1638 ipsc
915 1573 1033 1639 genere
1065 1552 1221 1619 scurrilia.

173 1665 251 1730 646.
282 1665 321 1731 Ut
347 1669 422 1743 isle,
455 1671 508 1754 qui
541 1687 576 1733 se
603 1668 668 1734 vult
696 1669 838 1734 dicacem
866 1679 898 1735 et
927 1688 976 1735 me
1002 1669 1136 1736 Hercule
1163 1678 1221 1744 est,

177 1781 317 1868 Appium
344 1784 491 1852 sednon
516 1804 673 1875 nunquam
699 1788 733 1853 in
755 1785 815 1855 hec
835 1787 944 1857 vilium
971 1786 1104 1858 scurrile
1131 1785 1221 1851 dela-

174 2006 307 2077 proximis
330 2021 387 2060 non
402 2005 597 2083 muliercule
614 2016 666 2067 ede.
689 2009 798 2065 minime
815 2012 991 2067 conveniunt.
1006 2036 1043 2051 -
1069 2009 1217 2079 quotiens·

174 2109 286 2164 cunque
304 2094 336 2161 (s.
357 2095 455 2162 quoe.)
473 2093 523 2166 Lg.
542 2093 609 2148 XXl
628 2095 746 2165 bonique
765 2113 859 2151 omnes
877 2106 906 2151 et
923 2096 993 2151 Vict.
1013 2095 1065 2150 Gn.
1082 2093 1106 2149 l.
1121 2092 1147 2148 6.

256 2194 316 2247 646.
347 2197 514 2266 processit]
536 2198 674 2268 procedit
696 2196 746 2268 Lg.
770 2199 812 2254 69.
837 2216 890 2253 cm.
915 2198 967 2253 Gu.
987 2199 1012 2255 3.
1037 2228 1069 2237 -
1097 2192 1217 2265 rugare]
1241 2247 1244 2252 .

171 2291 281 2351 necare
298 2280 350 2333 Gu.
370 2279 393 2332 l.
410 2307 447 2319 —-
471 2281 544 2347 tum]
562 2297 629 2333 cum
647 2279 697 2351 Lg.
715 2284 739 2336 4.
757 2282 783 2335 6.
801 2283 841 2337 13.
860 2282 977 2336 364011.
994 2310 1031 2324 ·-
1053 2270 1217 2350 quaesitor]

173 2370 292 2432 quectcr
308 2362 359 2433 Lg.
372 2362 398 2416 6.
413 2365 439 2417 3.
457 2364 482 2416 4.
499 2364 524 2417 6.
545 2363 585 2418 13.
604 2364 637 2417 36
655 2382 727 2418 corr.
749 2365 800 2419 Gu.
815 2368 841 2421 3.
873 2369 1006 2435 quesitus
1023 2364 1057 2417 76
1068 2381 1094 2416 ιι.
1110 2378 1135 2414 ιι.
1149 2369 1169 2414 4.
1181 2386 1218 2398 -

172 2444 340 2513 accusabis]
361 2446 462 2499 cdcue
486 2445 536 2516 lug.
555 2446 598 2500 66.
615 2446 659 2500 67.
679 2447 720 2501 76.
738 2448 779 2507 73.
797 2477 833 2490 -
857 2448 891 2503 1..
910 2447 1048 2517 Aurifex]
1067 2441 1241 2511 Laui-ifex·

172 2531 226 2587 Gn.
244 2529 269 2584 3.
295 2528 345 2601 Lg.
363 2529 381 2581 6
398 2546 469 2584 corr.
494 2530 580 2587 3.13.
605 2529 707 2585 1617.
731 2530 774 2585 66.
792 2531 833 2586 61.
852 2531 895 2588 36.
918 2531 961 2586 65.
982 2532 1024 2586 69.
1045 2530 1087 2583 73.
1111 2527 1154 2582 81.
1177 2526 1217 2579 itu

171 2633 231 2671 ver.
256 2614 299 2669 36.
327 2630 380 2668 oue.
404 2613 431 2672 6.
467 2613 593 2685 laurifer
622 2632 650 2671 v.
675 2614 796 2685 arcrifezu
819 2615 861 2669 76.
897 2614 1014 2683 aurifer
1036 2631 1091 2667 sec.
1113 2628 1149 2666 m.
1172 2610 1215 2664 64.

170 2699 345 2754 Praenomen
363 2714 417 2751 om.
437 2697 489 2754 Gu.
511 2700 533 2754 1.
556 2718 583 2754 v.
601 2700 711 2755 Reines.
732 2701 768 2754 sd
786 2700 869 2754 lucer.
890 2717 916 2769 p.
935 2698 994 2755 838.
1021 2694 1161 2752 Drakenb.
1179 2692 1217 2747 ud
1288 2729 1291 2732 <

168 2785 232 2841 le.
251 2781 404 2839 XXXVlll.
424 2783 467 2849 35,
486 2783 563 2840 1.-
588 2784 703 2838 breuior
720 2790 785 2858 ipse
799 2802 890 2855 quum
907 2785 1005 2851 testie]
1022 2784 1062 2837 sic
1080 2779 1144 2835 Seli.
1163 2776 1214 2834 Or.

169 2888 204 2923 ex
225 2869 277 2923 Gu.
296 2868 322 2922 3.
330 2858 353 2933 ‚'
364 2877 528 2941 secutusque
551 2884 610 2923 sum
629 2880 744 2940 propter
761 2871 810 2942 [qq
829 2870 854 2926 6.
874 2872 899 2927 3.
917 2871 942 2923 4.
960 2868 985 2923 6.
1005 2869 1047 2925 36.
1083 2865 1215 2934 Plerique

168 2953 249 3007 cedd.
269 2951 383 3006 mensor
401 2956 494 3007 eiiam
509 2971 601 3024 quam
620 2958 684 3026 ipse
701 2959 800 3019 testie,
821 2964 895 3009 cerie
912 2954 1001 3009 lluvn.
1023 2952 1046 3008 l.
1065 2952 1090 3007 6.
1115 2950 1168 3005 Gu.
1185 2948 1211 3005 6.

168 3037 220 3108 Lg.
237 3037 322 3097 ceteri
339 3053 449 3102 ornnes3
471 3036 512 3094 dr.
526 3057 550 3094 e.
569 3057 597 3109 q.
616 3043 701 3092 lestis
719 3043 782 3112 ipse
801 3041 862 3096 edd.
879 3040 963 3110 untiq.
977 3037 1043 3095 Eun.
1076 3040 1141 3108 ipse
1157 3050 1211 3093 om.

168 3120 230 3177 cod.
248 3120 305 3175 Erl.
323 3121 383 3190 (1.).
402 3122 454 3177 Gu.
471 3121 494 3175 l.
529 3122 558 3176 ln
577 3124 629 3178 Gn.
645 3126 671 3179 3.
692 3129 784 3177 eliam
801 3141 857 3179 nnn
876 3125 1016 3190 omittitur,
1034 3122 1084 3178 sed
1102 3121 1213 3191 punitur

167 3214 231 3277 post
250 3209 343 3259 tectis.
360 3234 398 3248 -
426 3209 550 3265 securrile
567 3209 739 3277 ridiculum]
760 3210 808 3264 Sic
824 3210 892 3266 VSt.
916 3208 993 3263 Harl.
1013 3208 1037 3263 1.
1058 3223 1111 3277 mg.
1130 3203 1212 3259 Nori.

167 3291 199 3347 Z.
214 3309 241 3360 γ.
260 3298 381 3361 excerpt.
395 3292 420 3348 d.
443 3290 494 3347 Gn.
513 3294 538 3347 3.
559 3292 609 3365 Lg.
628 3293 652 3348 6.
672 3296 697 3349 4.
715 3294 758 3349 63.
773 3295 815 3354 64.
840 3312 866 3350 v.
886 3301 916 3348 ιι4
934 3293 1007 3364 vulg.
1027 3291 1061 3347 36
1079 3306 1149 3344 corr.
1166 3287 1210 3346 36.

166 3373 237 3428 Vici.
253 3373 348 3431 inumb.
362 3375 459 3433 Peuce.
479 3376 543 3432 Sclr.
561 3375 610 3435 Or.
627 3377 713 3439 Heur.
745 3377 1025 3435 recrudescentem
1044 3371 1209 3432 11441116.

167 3456 217 3530 Lg.
236 3468 300 3513 cett.
318 3476 422 3527 omnes,
440 3461 684 3533 divulgatumque
700 3463 735 3518 ab
754 3463 816 3518 edd.
833 3464 916 3533 unliq.
936 3462 972 3515 ud
984 3461 1048 3518 seh.
1077 3459 1211 3521 Erucius

166 3550 256 3597 tumen
281 3544 425 3598 iudicium
450 3562 486 3599 ex
509 3547 630 3617 margine
654 3547 682 3600 in
705 3554 809 3602 textum
833 3548 943 3603 venisse
964 3553 1054 3616 putet,
1083 3545 1210 3614 idemque

165 3627 202 3680 de
220 3627 357 3698 scriplum
373 3628 532 3685 ridiculum
548 3630 749 3685 Henrielrseuio
766 3631 883 3688 videtur.
919 3629 985 3687 Non
1004 3629 1137 3701 improbo,
1157 3625 1210 3681 elsi

164 3719 257 3780 potest
269 3712 411 3769 commode
425 3714 539 3784 intelligi
556 3714 715 3772 nuendum
732 3732 770 3771 eu·
786 3732 892 3787 acuere
909 3715 1034 3771 scurrili.
1047 3744 1082 3761 -w
1098 3711 1209 3766 Deinde

163 3812 183 3848 a
204 3794 297 3848 verbis
320 3813 394 3865 quus
416 3797 493 3850 uelis
516 3798 616 3850 lucune
638 3807 680 3852 est
703 3800 731 3853 in
753 3799 847 3873 inq-4.
868 3800 911 3859 13.
933 3800 976 3860 36.
1002 3800 1055 3858 Gu.
1072 3799 1098 3859 3.
1122 3814 1209 3868 usquc

163 3878 305 3933 adverus
323 3897 343 3934 a
364 3878 487 3934 Graecis
505 3897 529 3936 c.
549 3881 596 3948 71,
612 3881 672 3937 668.

227 3979 310 4035 646.
344 3997 393 4034 mue
416 3979 555 4050 Hercule]
577 3984 617 4038 sie
640 3984 746 4039 divisim
771 3987 822 4059 Lg.
837 3988 863 4042 6.
884 3987 927 4042 67.
948 3987 991 4042 69.
1015 3987 1057 4040 76.
1080 3984 1133 4039 86..
1160 4001 1208 4036 me

163 4063 261 4118 hercle
275 4065 316 4120 76.
345 4081 393 4119 me
406 4063 537 4121 hercules
548 4068 591 4124 61.
609 4068 661 4125 Gn.
673 4070 698 4127 6.
713 4101 749 4111 -—
767 4072 925 4140 delabitur]
942 4071 1085 4126 deluditur
1102 4068 1151 4135 bg.
1163 4066 1206 4119 35.

163 4147 204 4202 sic
221 4164 293 4205 cerr.
313 4148 354 4206 76.
373 4177 409 4193 ··-
434 4149 553 4223 Sentio]
573 4151 671 4211 &sdic
689 4154 739 4227 ις.
759 4156 800 4213 76.
821 4156 863 4212 73.
896 4154 990 4211 secde
1007 4152 1033 4207 6.
1063 4148 1161 4203 sectio
1175 4146 1204 4201 ii.
