<?xml version="1.0" encoding="UTF-8"?>
<!DOCTYPE html PUBLIC "-//W3C//DTD XHTML 1.0 Transitional//EN"
    "http://www.w3.org/TR/xhtml1/DTD/xhtml1-transitional.dtd">
<html xmlns="http://www.w3.org/1999/xhtml" xml:lang="en" lang="en">
 <head>
  <title>
</title>
<meta http-equiv="Content-Type" content="text/html;charset=utf-8" />
  <meta name='ocr-system' content='tesseract 3.04.00' />
  <meta name='ocr-capabilities' content='ocr_page ocr_carea ocr_par ocr_line ocrx_word'/>
</head>
<body>
  <div class='ocr_page' id='page_1' title='image "./mtulliciceronis00ellegoog/mtulliciceronis00ellegoog_0444.png"; bbox 0 0 2942 4608; ppageno 0'>
   <div class='ocr_carea' id='block_1_1' title="bbox 394 286 1215 411">
    <p class='ocr_par' dir='ltr' id='par_1_1' title="bbox 394 286 1215 411">
     <span class='ocr_line' id='line_1_1' title="bbox 394 286 1215 411; baseline 0.006 -5"><span class='ocrx_word' id='word_1_1' title='bbox 394 335 453 406; x_wconf 87' lang='lat' dir='ltr'>oe</span> <span class='ocrx_word' id='word_1_2' title='bbox 482 336 722 407; x_wconf 76' lang='lat' dir='ltr'>oaeneon</span> <span class='ocrx_word' id='word_1_3' title='bbox 738 336 864 406; x_wconf 78' lang='lat' dir='ltr'>umes</span> <span class='ocrx_word' id='word_1_4' title='bbox 886 286 924 403; x_wconf 87' lang='lat' dir='ltr'>n.</span> <span class='ocrx_word' id='word_1_5' title='bbox 946 337 998 403; x_wconf 84' lang='lat' dir='ltr'>er.</span> <span class='ocrx_word' id='word_1_6' title='bbox 1126 338 1215 411; x_wconf 80' lang='lat' dir='ltr'>m</span> 
     </span>
    </p>
   </div>
   <div class='ocr_carea' id='block_1_2' title="bbox 139 490 1232 1183">
    <p class='ocr_par' dir='ltr' id='par_1_2' title="bbox 139 490 1232 1183">
     <span class='ocr_line' id='line_1_2' title="bbox 170 490 1218 592; baseline -0.004 -14"><span class='ocrx_word' id='word_1_7' title='bbox 170 532 255 590; x_wconf 84' lang='lat' dir='ltr'>mus,</span> <span class='ocrx_word' id='word_1_8' title='bbox 289 510 420 577; x_wconf 87' lang='lat' dir='ltr'>accidat.</span> <span class='ocrx_word' id='word_1_9' title='bbox 469 490 548 575; x_wconf 89' lang='lat' dir='ltr'>Nam</span> <span class='ocrx_word' id='word_1_10' title='bbox 575 509 616 575; x_wconf 78' lang='lat' dir='ltr'>nd</span> <span class='ocrx_word' id='word_1_11' title='bbox 643 528 793 575; x_wconf 87' lang='lat' dir='ltr'>summam</span> <span class='ocrx_word' id='word_1_12' title='bbox 819 509 914 575; x_wconf 88' lang='lat' dir='ltr'>totius</span> <span class='ocrx_word' id='word_1_13' title='bbox 940 524 1059 574; x_wconf 86' lang='lat' dir='ltr'>causae</span> <span class='ocrx_word' id='word_1_14' title='bbox 1085 506 1218 592; x_wconf 83' lang='lat' dir='ltr'>pertinet</span> 
     </span>
     <span class='ocr_line' id='line_1_3' title="bbox 162 625 1232 723; baseline -0.007 -27"><span class='ocrx_word' id='word_1_15' title='bbox 162 638 263 696; x_wconf 86' lang='lat' dir='ltr'>&#39;caute</span> <span class='ocrx_word' id='word_1_16' title='bbox 286 650 327 694; x_wconf 92' lang='lat' dir='ltr'>an</span> <span class='ocrx_word' id='word_1_17' title='bbox 349 639 458 695; x_wconf 87' lang='lat' dir='ltr'>contra</span> <span class='ocrx_word' id='word_1_18' title='bbox 479 628 692 723; x_wconf 82' lang='lat' dir='ltr'>demonstrata</span> <span class='ocrx_word' id='word_1_19' title='bbox 713 646 765 692; x_wconf 91' lang='lat' dir='ltr'>res</span> <span class='ocrx_word' id='word_1_20' title='bbox 787 627 843 704; x_wconf 84' lang='lat' dir='ltr'>sit,</span> <span class='ocrx_word' id='word_1_21' title='bbox 871 625 954 711; x_wconf 85' lang='lat' dir='ltr'>quod</span> <span class='ocrx_word' id='word_1_22' title='bbox 976 625 1078 691; x_wconf 82' lang='lat' dir='ltr'>omnis</span> <span class='ocrx_word' id='word_1_23' title='bbox 1098 625 1232 705; x_wconf 62' lang='lat' dir='ltr'>oratic·¹</span> 
     </span>
     <span class='ocr_line' id='line_1_4' title="bbox 139 732 1217 832; baseline -0.005 -20"><span class='ocrx_word' id='word_1_24' title='bbox 139 732 144 738; x_wconf 40' lang='lat'><strong><em>⁴</em></strong></span> <span class='ocrx_word' id='word_1_25' title='bbox 170 751 221 812; x_wconf 88' lang='lat' dir='ltr'>nis</span> <span class='ocrx_word' id='word_1_26' title='bbox 243 747 383 832; x_wconf 86' lang='lat' dir='ltr'>reliquae</span> <span class='ocrx_word' id='word_1_27' title='bbox 410 745 482 813; x_wconf 86' lang='lat' dir='ltr'>iens</span> <span class='ocrx_word' id='word_1_28' title='bbox 508 756 557 811; x_wconf 91' lang='lat' dir='ltr'>est</span> <span class='ocrx_word' id='word_1_29' title='bbox 583 746 733 810; x_wconf 88' lang='lat' dir='ltr'>narratio.</span> <span class='ocrx_word' id='word_1_30' title='bbox 776 744 849 809; x_wconf 89' lang='grc'><strong>331.</strong></span> <span class='ocrx_word' id='word_1_31' title='bbox 877 741 1037 830; x_wconf 90' lang='lat' dir='ltr'>Sequitur,</span> <span class='ocrx_word' id='word_1_32' title='bbox 1063 752 1097 808; x_wconf 90' lang='lat' dir='ltr'>ut</span> <span class='ocrx_word' id='word_1_33' title='bbox 1117 760 1217 808; x_wconf 86' lang='lat' dir='ltr'>causa</span> 
     </span>
     <span class='ocr_line' id='line_1_5' title="bbox 169 861 1216 951; baseline -0.006 -21"><span class='ocrx_word' id='word_1_34' title='bbox 169 874 319 951; x_wconf 88' lang='lat' dir='ltr'>ponatur,</span> <span class='ocrx_word' id='word_1_35' title='bbox 357 866 391 928; x_wconf 94' lang='lat' dir='ltr'>in</span> <span class='ocrx_word' id='word_1_36' title='bbox 423 882 484 948; x_wconf 88' lang='lat' dir='ltr'>quo</span> <span class='ocrx_word' id='word_1_37' title='bbox 515 862 683 928; x_wconf 89' lang='lat' dir='ltr'>videndum</span> <span class='ocrx_word' id='word_1_38' title='bbox 716 869 766 927; x_wconf 91' lang='lat' dir='ltr'>est</span> <span class='ocrx_word' id='word_1_39' title='bbox 795 861 871 947; x_wconf 91' lang='lat' dir='ltr'>quid</span> <span class='ocrx_word' id='word_1_40' title='bbox 905 862 939 925; x_wconf 90' lang='lat' dir='ltr'>in</span> <span class='ocrx_word' id='word_1_41' title='bbox 970 862 1216 949; x_wconf 81' lang='lat' dir='ltr'>controuersiam</span> 
     </span>
     <span class='ocr_line' id='line_1_6' title="bbox 169 977 1216 1064; baseline -0.003 -18"><span class='ocrx_word' id='word_1_42' title='bbox 169 983 282 1053; x_wconf 81' lang='lat' dir='ltr'>veniat.</span> <span class='ocrx_word' id='word_1_43' title='bbox 332 978 418 1044; x_wconf 73' lang='lat' dir='ltr'>ihm</span> <span class='ocrx_word' id='word_1_44' title='bbox 441 980 641 1064; x_wconf 82' lang='lat' dir='ltr'>suggerenda</span> <span class='ocrx_word' id='word_1_45' title='bbox 668 988 740 1044; x_wconf 87' lang='lat' dir='ltr'>sunt</span> <span class='ocrx_word' id='word_1_46' title='bbox 768 977 963 1045; x_wconf 83' lang='lat' dir='ltr'>firmamenta</span> <span class='ocrx_word' id='word_1_47' title='bbox 993 996 1110 1044; x_wconf 81' lang='lat' dir='ltr'>causae</span> <span class='ocrx_word' id='word_1_48' title='bbox 1140 997 1216 1044; x_wconf 90' lang='lat' dir='ltr'>con-</span> 
     </span>
     <span class='ocr_line' id='line_1_7' title="bbox 169 1092 1215 1183; baseline -0.004 -22"><span class='ocrx_word' id='word_1_49' title='bbox 169 1100 271 1163; x_wconf 89' lang='lat' dir='ltr'>iuncte</span> <span class='ocrx_word' id='word_1_50' title='bbox 293 1107 324 1183; x_wconf 83' lang='lat' dir='ltr'>et</span> <span class='ocrx_word' id='word_1_51' title='bbox 341 1095 534 1162; x_wconf 84' lang='lat' dir='ltr'>infirmandis</span> <span class='ocrx_word' id='word_1_52' title='bbox 550 1098 717 1162; x_wconf 80' lang='lat' dir='ltr'>contrariis</span> <span class='ocrx_word' id='word_1_53' title='bbox 733 1106 763 1162; x_wconf 93' lang='lat' dir='ltr'>et</span> <span class='ocrx_word' id='word_1_54' title='bbox 780 1097 841 1161; x_wconf 86' lang='lat' dir='ltr'>tuis</span> <span class='ocrx_word' id='word_1_55' title='bbox 857 1095 1086 1162; x_wconf 81' lang='lat' dir='ltr'>confirmandis.</span> <span class='ocrx_word' id='word_1_56' title='bbox 1118 1092 1215 1160; x_wconf 74' lang='lat' dir='ltr'>Nam,</span> 
     </span>
    </p>
   </div>
   <div class='ocr_carea' id='block_1_3' title="bbox 168 1213 1342 1299">
    <p class='ocr_par' dir='ltr' id='par_1_3' title="bbox 168 1213 1342 1299">
     <span class='ocr_line' id='line_1_8' title="bbox 168 1213 1342 1299; baseline -0.003 -20"><span class='ocrx_word' id='word_1_57' title='bbox 168 1234 229 1299; x_wconf 82' lang='lat' dir='ltr'>que</span> <span class='ocrx_word' id='word_1_58' title='bbox 251 1233 316 1278; x_wconf 89' lang='lat' dir='ltr'>una</span> <span class='ocrx_word' id='word_1_59' title='bbox 336 1215 370 1276; x_wconf 91' lang='lat' dir='ltr'>in</span> <span class='ocrx_word' id='word_1_60' title='bbox 388 1215 494 1278; x_wconf 89' lang='lat' dir='ltr'>causis</span> <span class='ocrx_word' id='word_1_61' title='bbox 516 1217 597 1289; x_wconf 87' lang='lat' dir='ltr'>ratio</span> <span class='ocrx_word' id='word_1_62' title='bbox 619 1213 774 1299; x_wconf 78' lang='lat' dir='ltr'>quaedam</span> <span class='ocrx_word' id='word_1_63' title='bbox 793 1223 841 1279; x_wconf 90' lang='lat' dir='ltr'>est</span> <span class='ocrx_word' id='word_1_64' title='bbox 862 1215 932 1280; x_wconf 85' lang='lat' dir='ltr'>eius</span> <span class='ocrx_word' id='word_1_65' title='bbox 949 1214 1111 1289; x_wconf 86' lang='lat' dir='ltr'>orationis,</span> <span class='ocrx_word' id='word_1_66' title='bbox 1133 1230 1236 1298; x_wconf 82' lang='lat' dir='ltr'>quae-</span> <span class='ocrx_word' id='word_1_67' title='bbox 1336 1228 1342 1241; x_wconf 88' lang='lat'><strong>·</strong></span> 
     </span>
    </p>
   </div>
   <div class='ocr_carea' id='block_1_4' title="bbox 53 1308 1332 1416">
    <p class='ocr_par' dir='ltr' id='par_1_4' title="bbox 53 1308 1332 1416">
     <span class='ocr_line' id='line_1_9' title="bbox 53 1308 1332 1416; baseline 0.004 -24"><span class='ocrx_word' id='word_1_68' title='bbox 53 1308 66 1350; x_wconf 52' lang='lat' dir='ltr'>s</span> <span class='ocrx_word' id='word_1_69' title='bbox 102 1368 107 1381; x_wconf 77' lang='lat'><strong>.</strong></span> <span class='ocrx_word' id='word_1_70' title='bbox 169 1331 212 1396; x_wconf 89' lang='lat' dir='ltr'>ad</span> <span class='ocrx_word' id='word_1_71' title='bbox 228 1329 422 1416; x_wconf 76' lang='lat' dir='ltr'>probandam</span> <span class='ocrx_word' id='word_1_72' title='bbox 446 1332 745 1414; x_wconf 76' lang='lat' dir='ltr'>argumentationem</span> <span class='ocrx_word' id='word_1_73' title='bbox 765 1330 860 1398; x_wconf 81' lang='lat' dir='ltr'>valet.</span> <span class='ocrx_word' id='word_1_74' title='bbox 892 1328 942 1396; x_wconf 87' lang='lat' dir='ltr'>Ea</span> <span class='ocrx_word' id='word_1_75' title='bbox 963 1340 1066 1396; x_wconf 89' lang='lat' dir='ltr'>autem</span> <span class='ocrx_word' id='word_1_76' title='bbox 1088 1338 1233 1409; x_wconf 24' lang='lat' dir='ltr'>eicon-1⁴</span> <span class='ocrx_word' id='word_1_77' title='bbox 1269 1326 1274 1332; x_wconf 75' lang='grc'><strong>’</strong></span> <span class='ocrx_word' id='word_1_78' title='bbox 1324 1389 1332 1397; x_wconf 83' lang='grc'>.</span> 
     </span>
    </p>
   </div>
   <div class='ocr_carea' id='block_1_5' title="bbox 51 1440 1248 1535">
    <p class='ocr_par' dir='ltr' id='par_1_5' title="bbox 51 1440 1248 1535">
     <span class='ocr_line' id='line_1_10' title="bbox 51 1440 1248 1535; baseline -0.002 -22"><span class='ocrx_word' id='word_1_79' title='bbox 51 1440 53 1445; x_wconf 67' lang='grc'>’</span> <span class='ocrx_word' id='word_1_80' title='bbox 167 1448 373 1513; x_wconf 81' lang='lat' dir='ltr'>firmationem</span> <span class='ocrx_word' id='word_1_81' title='bbox 400 1456 440 1531; x_wconf 85' lang='lat' dir='ltr'>et</span> <span class='ocrx_word' id='word_1_82' title='bbox 456 1445 732 1532; x_wconf 79' lang='lat' dir='ltr'>reprehensionem</span> <span class='ocrx_word' id='word_1_83' title='bbox 758 1450 895 1533; x_wconf 80' lang='lat' dir='ltr'>quaerit3</span> <span class='ocrx_word' id='word_1_84' title='bbox 928 1448 986 1514; x_wconf 87' lang='lat' dir='ltr'>sed</span> <span class='ocrx_word' id='word_1_85' title='bbox 1012 1449 1088 1533; x_wconf 86' lang='lat' dir='ltr'>quia</span> <span class='ocrx_word' id='word_1_86' title='bbox 1114 1465 1248 1535; x_wconf 41' lang='lat' dir='ltr'>neque,</span> 
     </span>
    </p>
   </div>
   <div class='ocr_carea' id='block_1_6' title="bbox 167 1563 1263 2003">
    <p class='ocr_par' dir='ltr' id='par_1_6' title="bbox 167 1563 1263 2003">
     <span class='ocr_line' id='line_1_11' title="bbox 167 1563 1216 1665; baseline -0.001 -35"><span class='ocrx_word' id='word_1_87' title='bbox 167 1563 353 1652; x_wconf 85' lang='lat' dir='ltr'>reprehendi</span> <span class='ocrx_word' id='word_1_88' title='bbox 382 1583 463 1650; x_wconf 85' lang='lat' dir='ltr'>quae</span> <span class='ocrx_word' id='word_1_89' title='bbox 492 1573 601 1629; x_wconf 90' lang='lat' dir='ltr'>contra</span> <span class='ocrx_word' id='word_1_90' title='bbox 627 1564 770 1665; x_wconf 86' lang='lat' dir='ltr'>dicuntur</span> <span class='ocrx_word' id='word_1_91' title='bbox 794 1576 938 1651; x_wconf 86' lang='lat' dir='ltr'>possunt,</span> <span class='ocrx_word' id='word_1_92' title='bbox 969 1567 1033 1631; x_wconf 89' lang='lat' dir='ltr'>nisi</span> <span class='ocrx_word' id='word_1_93' title='bbox 1058 1575 1113 1631; x_wconf 88' lang='lat' dir='ltr'>tua</span> <span class='ocrx_word' id='word_1_94' title='bbox 1139 1583 1216 1650; x_wconf 89' lang='lat' dir='ltr'>con-</span> 
     </span>
     <span class='ocr_line' id='line_1_12' title="bbox 169 1679 1216 1767; baseline 0.001 -21"><span class='ocrx_word' id='word_1_95' title='bbox 169 1681 289 1758; x_wconf 84' lang='lat' dir='ltr'>hrmes,</span> <span class='ocrx_word' id='word_1_96' title='bbox 315 1701 415 1767; x_wconf 89' lang='lat' dir='ltr'>neque</span> <span class='ocrx_word' id='word_1_97' title='bbox 436 1681 521 1747; x_wconf 78' lang='lat' dir='ltr'>haee</span> <span class='ocrx_word' id='word_1_98' title='bbox 533 1679 732 1757; x_wconf 75' lang='lat' dir='ltr'>confimari,</span> <span class='ocrx_word' id='word_1_99' title='bbox 753 1682 816 1745; x_wconf 81' lang='lat' dir='ltr'>nisi</span> <span class='ocrx_word' id='word_1_100' title='bbox 838 1680 897 1745; x_wconf 90' lang='lat' dir='ltr'>illa</span> <span class='ocrx_word' id='word_1_101' title='bbox 916 1681 1145 1767; x_wconf 84' lang='lat' dir='ltr'>reprehendas,</span> <span class='ocrx_word' id='word_1_102' title='bbox 1167 1682 1216 1746; x_wconf 94' lang='lat' dir='ltr'>id-</span> 
     </span>
     <span class='ocr_line' id='line_1_13' title="bbox 170 1797 1263 1884; baseline 0.002 -22"><span class='ocrx_word' id='word_1_103' title='bbox 170 1799 257 1864; x_wconf 92' lang='lat' dir='ltr'>circo</span> <span class='ocrx_word' id='word_1_104' title='bbox 282 1797 372 1884; x_wconf 83' lang='lat' dir='ltr'>haee¹</span> <span class='ocrx_word' id='word_1_105' title='bbox 390 1808 420 1863; x_wconf 92' lang='lat' dir='ltr'>et</span> <span class='ocrx_word' id='word_1_106' title='bbox 442 1808 554 1863; x_wconf 87' lang='lat' dir='ltr'>natura</span> <span class='ocrx_word' id='word_1_107' title='bbox 581 1808 611 1864; x_wconf 88' lang='lat' dir='ltr'>et</span> <span class='ocrx_word' id='word_1_108' title='bbox 632 1797 766 1863; x_wconf 88' lang='lat' dir='ltr'>utilitate</span> <span class='ocrx_word' id='word_1_109' title='bbox 786 1807 822 1864; x_wconf 84' lang='lat' dir='ltr'>et</span> <span class='ocrx_word' id='word_1_110' title='bbox 842 1800 1028 1865; x_wconf 84' lang='lat' dir='ltr'>tractatione</span> <span class='ocrx_word' id='word_1_111' title='bbox 1050 1799 1218 1864; x_wconf 82' lang='lat' dir='ltr'>coniuncta</span> <span class='ocrx_word' id='word_1_112' title='bbox 1261 1797 1263 1800; x_wconf 71' lang='grc'>’</span> 
     </span>
     <span class='ocr_line' id='line_1_14' title="bbox 169 1907 1217 2003; baseline 0.002 -23"><span class='ocrx_word' id='word_1_113' title='bbox 169 1907 249 1981; x_wconf 83' lang='lat' dir='ltr'>sunt.</span> <span class='ocrx_word' id='word_1_114' title='bbox 296 1916 368 1980; x_wconf 84' lang='grc'><strong>333.</strong></span> <span class='ocrx_word' id='word_1_115' title='bbox 402 1912 517 1981; x_wconf 89' lang='lat' dir='ltr'>Omnia</span> <span class='ocrx_word' id='word_1_116' title='bbox 543 1925 653 1982; x_wconf 87' lang='lat' dir='ltr'>autem</span> <span class='ocrx_word' id='word_1_117' title='bbox 673 1914 890 1982; x_wconf 89' lang='lat' dir='ltr'>concludenda</span> <span class='ocrx_word' id='word_1_118' title='bbox 914 1916 1095 2003; x_wconf 87' lang='lat' dir='ltr'>plerumque</span> <span class='ocrx_word' id='word_1_119' title='bbox 1120 1915 1217 1982; x_wconf 87' lang='lat' dir='ltr'>rebus</span> 
     </span>
    </p>
   </div>
   <div class='ocr_carea' id='block_1_7' title="bbox 168 2031 1323 2120">
    <p class='ocr_par' dir='ltr' id='par_1_7' title="bbox 168 2031 1323 2120">
     <span class='ocr_line' id='line_1_15' title="bbox 168 2031 1323 2120; baseline 0.002 -22"><span class='ocrx_word' id='word_1_120' title='bbox 168 2033 321 2117; x_wconf 80' lang='lat' dir='ltr'>augendis</span> <span class='ocrx_word' id='word_1_121' title='bbox 342 2033 394 2099; x_wconf 84' lang='lat' dir='ltr'>vel</span> <span class='ocrx_word' id='word_1_122' title='bbox 415 2031 636 2099; x_wconf 84' lang='lat' dir='ltr'>inflammando</span> <span class='ocrx_word' id='word_1_123' title='bbox 652 2033 756 2099; x_wconf 90' lang='lat' dir='ltr'>iudice</span> <span class='ocrx_word' id='word_1_124' title='bbox 777 2033 829 2100; x_wconf 87' lang='lat' dir='ltr'>vel</span> <span class='ocrx_word' id='word_1_125' title='bbox 844 2034 1026 2118; x_wconf 76' lang='lat' dir='ltr'>mitigando,</span> <span class='ocrx_word' id='word_1_126' title='bbox 1049 2036 1214 2120; x_wconf 89' lang='lat' dir='ltr'>omniaque</span> <span class='ocrx_word' id='word_1_127' title='bbox 1319 2032 1323 2037; x_wconf 83' lang='grc'><strong>’</strong></span> 
     </span>
    </p>
   </div>
   <div class='ocr_carea' id='block_1_8' title="bbox 168 2150 1215 2238">
    <p class='ocr_par' dir='ltr' id='par_1_8' title="bbox 168 2150 1215 2238">
     <span class='ocr_line' id='line_1_16' title="bbox 168 2150 1215 2238; baseline 0.004 -23"><span class='ocrx_word' id='word_1_128' title='bbox 168 2170 236 2215; x_wconf 88' lang='lat' dir='ltr'>curn</span> <span class='ocrx_word' id='word_1_129' title='bbox 258 2150 471 2238; x_wconf 89' lang='lat' dir='ltr'>superioribus</span> <span class='ocrx_word' id='word_1_130' title='bbox 494 2153 647 2217; x_wconf 86' lang='lat' dir='ltr'>orationis</span> <span class='ocrx_word' id='word_1_131' title='bbox 669 2151 750 2218; x_wconf 88' lang='lat' dir='ltr'>locis</span> <span class='ocrx_word' id='word_1_132' title='bbox 771 2162 834 2217; x_wconf 88' lang='lat' dir='ltr'>tum</span> <span class='ocrx_word' id='word_1_133' title='bbox 855 2154 990 2217; x_wconf 81' lang='lat' dir='ltr'>maxime</span> <span class='ocrx_word' id='word_1_134' title='bbox 1012 2163 1149 2220; x_wconf 84' lang='lat' dir='ltr'>extremo</span> <span class='ocrx_word' id='word_1_135' title='bbox 1173 2153 1215 2219; x_wconf 89' lang='lat' dir='ltr'>ad</span> 
     </span>
    </p>
   </div>
   <div class='ocr_carea' id='block_1_9' title="bbox 168 2397 1223 2807">
    <p class='ocr_par' dir='ltr' id='par_1_9' title="bbox 168 2397 1223 2807">
     <span class='ocr_line' id='line_1_17' title="bbox 168 2397 1217 2468; baseline 0.004 -17"><span class='ocrx_word' id='word_1_136' title='bbox 168 2405 253 2451; x_wconf 81' lang='lat' dir='ltr'>testes</span> <span class='ocrx_word' id='word_1_137' title='bbox 265 2397 349 2450; x_wconf 91' lang='lat' dir='ltr'>hahet</span> <span class='ocrx_word' id='word_1_138' title='bbox 362 2414 413 2450; x_wconf 88' lang='lat' dir='ltr'>nec</span> <span class='ocrx_word' id='word_1_139' title='bbox 424 2397 549 2463; x_wconf 84' lang='lat' dir='ltr'>idoneos,</span> <span class='ocrx_word' id='word_1_140' title='bbox 566 2397 617 2468; x_wconf 76' lang='lat' dir='ltr'>ng.</span> <span class='ocrx_word' id='word_1_141' title='bbox 628 2399 668 2453; x_wconf 96' lang='grc'>14.</span> <span class='ocrx_word' id='word_1_142' title='bbox 679 2399 718 2452; x_wconf 88' lang='grc'>17.</span> <span class='ocrx_word' id='word_1_143' title='bbox 729 2399 771 2454; x_wconf 88' lang='grc'>33.</span> <span class='ocrx_word' id='word_1_144' title='bbox 783 2400 825 2453; x_wconf 82' lang='grc'>67.</span> <span class='ocrx_word' id='word_1_145' title='bbox 834 2400 877 2454; x_wconf 84' lang='grc'>69.</span> <span class='ocrx_word' id='word_1_146' title='bbox 887 2400 928 2454; x_wconf 89' lang='grc'>76.</span> <span class='ocrx_word' id='word_1_147' title='bbox 942 2399 1040 2454; x_wconf 76' lang='lat' dir='ltr'>93.¹ita</span> <span class='ocrx_word' id='word_1_148' title='bbox 1051 2418 1123 2455; x_wconf 91' lang='lat' dir='ltr'>corr.</span> <span class='ocrx_word' id='word_1_149' title='bbox 1132 2401 1174 2453; x_wconf 92' lang='grc'>34.</span> <span class='ocrx_word' id='word_1_150' title='bbox 1186 2419 1217 2456; x_wconf 76' lang='lat' dir='ltr'>v:</span> 
     </span>
     <span class='ocr_line' id='line_1_18' title="bbox 168 2481 1218 2558; baseline 0.003 -23"><span class='ocrx_word' id='word_1_151' title='bbox 168 2499 214 2536; x_wconf 86' lang='lat' dir='ltr'>ne.</span> <span class='ocrx_word' id='word_1_152' title='bbox 229 2509 265 2521; x_wconf 78' lang='lat'>›—</span> <span class='ocrx_word' id='word_1_153' title='bbox 277 2482 504 2552; x_wconf 83' lang='lat' dir='ltr'>persequemur]</span> <span class='ocrx_word' id='word_1_154' title='bbox 521 2489 739 2557; x_wconf 71' lang='lat' dir='ltr'>persequantur·</span> <span class='ocrx_word' id='word_1_155' title='bbox 755 2481 805 2553; x_wconf 85' lang='lat' dir='ltr'>Lg.</span> <span class='ocrx_word' id='word_1_156' title='bbox 821 2482 861 2536; x_wconf 86' lang='grc'>16.</span> <span class='ocrx_word' id='word_1_157' title='bbox 876 2483 917 2537; x_wconf 82' lang='lat' dir='ltr'>to.</span> <span class='ocrx_word' id='word_1_158' title='bbox 932 2483 975 2537; x_wconf 86' lang='lat'>73.</span> <span class='ocrx_word' id='word_1_159' title='bbox 996 2501 1218 2558; x_wconf 79' lang='lat' dir='ltr'>prosequemur</span> 
     </span>
     <span class='ocr_line' id='line_1_19' title="bbox 168 2565 1214 2637; baseline 0.003 -17"><span class='ocrx_word' id='word_1_160' title='bbox 168 2565 211 2620; x_wconf 85' lang='grc'>63.</span> <span class='ocrx_word' id='word_1_161' title='bbox 234 2568 446 2637; x_wconf 78' lang='lat' dir='ltr'>prosequimur·</span> <span class='ocrx_word' id='word_1_162' title='bbox 463 2565 514 2621; x_wconf 89' lang='lat' dir='ltr'>Gn.</span> <span class='ocrx_word' id='word_1_163' title='bbox 529 2565 554 2619; x_wconf 89' lang='lat'>3.</span> <span class='ocrx_word' id='word_1_164' title='bbox 568 2595 603 2604; x_wconf 77' lang='lat'>-</span> <span class='ocrx_word' id='word_1_165' title='bbox 623 2567 780 2635; x_wconf 79' lang='lat' dir='ltr'>quicquid]</span> <span class='ocrx_word' id='word_1_166' title='bbox 797 2568 837 2619; x_wconf 85' lang='lat' dir='ltr'>sic</span> <span class='ocrx_word' id='word_1_167' title='bbox 852 2565 901 2637; x_wconf 87' lang='lat' dir='ltr'>Lg.</span> <span class='ocrx_word' id='word_1_168' title='bbox 917 2568 1064 2636; x_wconf 79' lang='lat' dir='ltr'>praeterb.</span> <span class='ocrx_word' id='word_1_169' title='bbox 1078 2567 1102 2623; x_wconf 87' lang='lat'>6.</span> <span class='ocrx_word' id='word_1_170' title='bbox 1116 2568 1214 2623; x_wconf 83' lang='grc'><strong>3134</strong></span> 
     </span>
     <span class='ocr_line' id='line_1_20' title="bbox 169 2642 1223 2721; baseline 0.005 -18"><span class='ocrx_word' id='word_1_171' title='bbox 169 2649 222 2704; x_wconf 86' lang='lat' dir='ltr'>Ga.</span> <span class='ocrx_word' id='word_1_172' title='bbox 235 2650 261 2703; x_wconf 92' lang='lat'>2.</span> <span class='ocrx_word' id='word_1_173' title='bbox 273 2651 299 2704; x_wconf 97' lang='grc'>3.</span> <span class='ocrx_word' id='word_1_174' title='bbox 311 2677 346 2689; x_wconf 84' lang='lat'>—-</span> <span class='ocrx_word' id='word_1_175' title='bbox 359 2651 487 2719; x_wconf 77' lang='lat' dir='ltr'>poterit]</span> <span class='ocrx_word' id='word_1_176' title='bbox 499 2652 633 2721; x_wconf 78' lang='lat' dir='ltr'>potuerit</span> <span class='ocrx_word' id='word_1_177' title='bbox 650 2650 701 2704; x_wconf 88' lang='lat' dir='ltr'>Gu.</span> <span class='ocrx_word' id='word_1_178' title='bbox 714 2652 738 2706; x_wconf 87' lang='lat'>3.</span> <span class='ocrx_word' id='word_1_179' title='bbox 752 2642 788 2691; x_wconf 61' lang='lat'>4-</span> <span class='ocrx_word' id='word_1_180' title='bbox 805 2650 1010 2718; x_wconf 82' lang='lat' dir='ltr'>detrahemus]</span> <span class='ocrx_word' id='word_1_181' title='bbox 1027 2652 1223 2709; x_wconf 79' lang='lat' dir='ltr'>detrahemus.</span> 
     </span>
     <span class='ocr_line' id='line_1_21' title="bbox 168 2723 1215 2807; baseline 0.006 -21"><span class='ocrx_word' id='word_1_182' title='bbox 168 2733 219 2804; x_wconf 80' lang='lat' dir='ltr'>hg.</span> <span class='ocrx_word' id='word_1_183' title='bbox 239 2735 264 2788; x_wconf 87' lang='lat'>3.</span> <span class='ocrx_word' id='word_1_184' title='bbox 282 2733 307 2787; x_wconf 92' lang='grc'>6.</span> <span class='ocrx_word' id='word_1_185' title='bbox 335 2732 373 2786; x_wconf 89' lang='lat' dir='ltr'>ita</span> <span class='ocrx_word' id='word_1_186' title='bbox 397 2749 467 2787; x_wconf 85' lang='lat' dir='ltr'>corr.</span> <span class='ocrx_word' id='word_1_187' title='bbox 487 2733 529 2787; x_wconf 93' lang='grc'>33.</span> <span class='ocrx_word' id='word_1_188' title='bbox 547 2723 584 2774; x_wconf 58' lang='grc' dir='ltr'>ἔ-</span> <span class='ocrx_word' id='word_1_189' title='bbox 611 2740 645 2788; x_wconf 83' lang='lat' dir='ltr'>ui</span> <span class='ocrx_word' id='word_1_190' title='bbox 665 2736 785 2803; x_wconf 80' lang='lat' dir='ltr'>causae]</span> <span class='ocrx_word' id='word_1_191' title='bbox 806 2743 841 2789; x_wconf 86' lang='lat' dir='ltr'>ut</span> <span class='ocrx_word' id='word_1_192' title='bbox 863 2753 914 2791; x_wconf 90' lang='lat' dir='ltr'>om.</span> <span class='ocrx_word' id='word_1_193' title='bbox 939 2735 989 2790; x_wconf 87' lang='lat' dir='ltr'>Ga.</span> <span class='ocrx_word' id='word_1_194' title='bbox 1010 2737 1035 2790; x_wconf 86' lang='lat'>3.</span> <span class='ocrx_word' id='word_1_195' title='bbox 1060 2736 1109 2807; x_wconf 77' lang='lat' dir='ltr'>hg.</span> <span class='ocrx_word' id='word_1_196' title='bbox 1128 2737 1153 2791; x_wconf 89' lang='lat'>2.</span> <span class='ocrx_word' id='word_1_197' title='bbox 1175 2738 1215 2793; x_wconf 88' lang='lat'>13.</span> 
     </span>
    </p>
   </div>
   <div class='ocr_carea' id='block_1_10' title="bbox 66 2818 1255 2891">
    <p class='ocr_par' dir='ltr' id='par_1_10' title="bbox 66 2818 1255 2891">
     <span class='ocr_line' id='line_1_22' title="bbox 66 2818 1255 2891; baseline 0.004 -21"><span class='ocrx_word' id='word_1_198' title='bbox 66 2832 72 2844; x_wconf 83' lang='grc'><em>’</em></span> <span class='ocrx_word' id='word_1_199' title='bbox 167 2818 203 2873; x_wconf 87' lang='grc'>33</span> <span class='ocrx_word' id='word_1_200' title='bbox 220 2818 284 2872; x_wconf 92' lang='lat' dir='ltr'>add.</span> <span class='ocrx_word' id='word_1_201' title='bbox 308 2826 337 2870; x_wconf 91' lang='lat' dir='ltr'>ut</span> <span class='ocrx_word' id='word_1_202' title='bbox 354 2818 379 2871; x_wconf 88' lang='lat'>3.</span> <span class='ocrx_word' id='word_1_203' title='bbox 399 2818 441 2871; x_wconf 92' lang='grc'>36.</span> <span class='ocrx_word' id='word_1_204' title='bbox 474 2835 584 2871; x_wconf 82' lang='lat' dir='ltr'>causae</span> <span class='ocrx_word' id='word_1_205' title='bbox 606 2825 640 2872; x_wconf 83' lang='lat' dir='ltr'>ut</span> <span class='ocrx_word' id='word_1_206' title='bbox 659 2820 685 2874; x_wconf 89' lang='lat'>3.</span> <span class='ocrx_word' id='word_1_207' title='bbox 705 2819 731 2874; x_wconf 87' lang='grc'>6.</span> <span class='ocrx_word' id='word_1_208' title='bbox 763 2837 872 2874; x_wconf 83' lang='lat' dir='ltr'>caueae</span> <span class='ocrx_word' id='word_1_209' title='bbox 895 2838 948 2874; x_wconf 89' lang='lat' dir='ltr'>om.</span> <span class='ocrx_word' id='word_1_210' title='bbox 968 2821 992 2876; x_wconf 91' lang='grc'>4.</span> <span class='ocrx_word' id='word_1_211' title='bbox 1014 2853 1045 2862; x_wconf 93' lang='grc'><strong>-</strong></span> <span class='ocrx_word' id='word_1_212' title='bbox 1078 2822 1216 2891; x_wconf 84' lang='lat' dir='ltr'>accidui]</span> <span class='ocrx_word' id='word_1_213' title='bbox 1249 2872 1255 2881; x_wconf 88' lang='grc'><em>,</em></span> 
     </span>
    </p>
   </div>
   <div class='ocr_carea' id='block_1_11' title="bbox 168 2894 1224 3226">
    <p class='ocr_par' dir='ltr' id='par_1_11' title="bbox 168 2894 1224 3226">
     <span class='ocr_line' id='line_1_23' title="bbox 168 2894 1214 2978; baseline 0.005 -22"><span class='ocrx_word' id='word_1_214' title='bbox 168 2902 296 2956; x_wconf 77' lang='lat' dir='ltr'>aderunt</span> <span class='ocrx_word' id='word_1_215' title='bbox 317 2894 368 2973; x_wconf 65' lang='lat' dir='ltr'>Lg.</span> <span class='ocrx_word' id='word_1_216' title='bbox 388 2903 429 2956; x_wconf 84' lang='lat'>70.</span> <span class='ocrx_word' id='word_1_217' title='bbox 449 2902 490 2956; x_wconf 88' lang='grc'>73.</span> <span class='ocrx_word' id='word_1_218' title='bbox 508 2933 545 2944; x_wconf 82' lang='lat'>—-</span> <span class='ocrx_word' id='word_1_219' title='bbox 576 2903 782 2958; x_wconf 81' lang='lat' dir='ltr'>‹leneonstruiu</span> <span class='ocrx_word' id='word_1_220' title='bbox 799 2908 860 2975; x_wconf 84' lang='lat' dir='ltr'>ree]</span> <span class='ocrx_word' id='word_1_221' title='bbox 879 2906 1100 2960; x_wconf 76' lang='lat' dir='ltr'>demonstrares</span> <span class='ocrx_word' id='word_1_222' title='bbox 1122 2905 1171 2978; x_wconf 78' lang='lat' dir='ltr'>ng.</span> <span class='ocrx_word' id='word_1_223' title='bbox 1190 2907 1214 2962; x_wconf 92' lang='grc'>3.</span> 
     </span>
     <span class='ocr_line' id='line_1_24' title="bbox 170 2986 1224 3062; baseline 0.008 -25"><span class='ocrx_word' id='word_1_224' title='bbox 170 2986 211 3041; x_wconf 90' lang='grc'>13.</span> <span class='ocrx_word' id='word_1_225' title='bbox 230 2987 264 3040; x_wconf 88' lang='grc'>33</span> <span class='ocrx_word' id='word_1_226' title='bbox 283 3005 354 3040; x_wconf 87' lang='lat' dir='ltr'>corr.</span> <span class='ocrx_word' id='word_1_227' title='bbox 374 2987 415 3040; x_wconf 91' lang='grc'>36.</span> <span class='ocrx_word' id='word_1_228' title='bbox 438 2986 489 3041; x_wconf 86' lang='lat' dir='ltr'>Gu.</span> <span class='ocrx_word' id='word_1_229' title='bbox 508 2989 533 3042; x_wconf 90' lang='grc'><strong>3.</strong></span> <span class='ocrx_word' id='word_1_230' title='bbox 551 3016 588 3028; x_wconf 49' lang='grc'>’-</span> <span class='ocrx_word' id='word_1_231' title='bbox 619 2989 713 3058; x_wconf 73' lang='lat' dir='ltr'>prend]</span> <span class='ocrx_word' id='word_1_232' title='bbox 731 2991 855 3060; x_wconf 75' lang='lat' dir='ltr'>siquod</span> <span class='ocrx_word' id='word_1_233' title='bbox 877 2990 928 3062; x_wconf 63' lang='lat' dir='ltr'>lag.</span> <span class='ocrx_word' id='word_1_234' title='bbox 951 2991 989 3046; x_wconf 92' lang='grc'>13.</span> <span class='ocrx_word' id='word_1_235' title='bbox 1014 2990 1056 3045; x_wconf 90' lang='grc'>33.</span> <span class='ocrx_word' id='word_1_236' title='bbox 1073 2990 1224 3061; x_wconf 27' lang='grc'><strong>3616660.</strong></span> 
     </span>
     <span class='ocr_line' id='line_1_25' title="bbox 168 3070 1215 3148; baseline 0.008 -25"><span class='ocrx_word' id='word_1_237' title='bbox 168 3070 285 3124; x_wconf 69' lang='lat' dir='ltr'>sonasse</span> <span class='ocrx_word' id='word_1_238' title='bbox 301 3071 474 3124; x_wconf 86' lang='lat' dir='ltr'>scribendum</span> <span class='ocrx_word' id='word_1_239' title='bbox 492 3080 533 3125; x_wconf 88' lang='lat' dir='ltr'>est</span> <span class='ocrx_word' id='word_1_240' title='bbox 551 3075 580 3125; x_wconf 83' lang='lat' dir='ltr'>ci</span> <span class='ocrx_word' id='word_1_241' title='bbox 596 3072 725 3142; x_wconf 76' lang='lat' dir='ltr'>peridem,</span> <span class='ocrx_word' id='word_1_242' title='bbox 744 3076 818 3145; x_wconf 90' lang='lat' dir='ltr'>quod</span> <span class='ocrx_word' id='word_1_243' title='bbox 832 3077 906 3129; x_wconf 86' lang='lat' dir='ltr'>clare</span> <span class='ocrx_word' id='word_1_244' title='bbox 919 3075 1018 3147; x_wconf 81' lang='lat' dir='ltr'>iegitur</span> <span class='ocrx_word' id='word_1_245' title='bbox 1033 3077 1061 3129; x_wconf 91' lang='lat' dir='ltr'>in</span> <span class='ocrx_word' id='word_1_246' title='bbox 1079 3076 1129 3148; x_wconf 76' lang='lat' dir='ltr'>hg.</span> <span class='ocrx_word' id='word_1_247' title='bbox 1143 3076 1168 3132; x_wconf 91' lang='grc'>3.</span> <span class='ocrx_word' id='word_1_248' title='bbox 1180 3105 1215 3119; x_wconf 62' lang='grc'>»-</span> 
     </span>
     <span class='ocr_line' id='line_1_26' title="bbox 169 3155 887 3226; baseline 0.001 -18"><span class='ocrx_word' id='word_1_249' title='bbox 169 3157 278 3223; x_wconf 79' lang='lat' dir='ltr'>omnic]</span> <span class='ocrx_word' id='word_1_250' title='bbox 297 3173 350 3210; x_wconf 88' lang='lat' dir='ltr'>our.</span> <span class='ocrx_word' id='word_1_251' title='bbox 370 3155 420 3226; x_wconf 81' lang='lat' dir='ltr'>hg.</span> <span class='ocrx_word' id='word_1_252' title='bbox 439 3156 481 3211; x_wconf 88' lang='grc'>36.</span> <span class='ocrx_word' id='word_1_253' title='bbox 886 3157 887 3160; x_wconf 74' lang='grc'>’</span> 
     </span>
    </p>
   </div>
   <div class='ocr_carea' id='block_1_12' title="bbox 168 3273 1283 3772">
    <p class='ocr_par' dir='ltr' id='par_1_12' title="bbox 168 3273 1283 3772">
     <span class='ocr_line' id='line_1_27' title="bbox 255 3273 1214 3348; baseline 0.009 -22"><span class='ocrx_word' id='word_1_254' title='bbox 255 3273 314 3330; x_wconf 91' lang='grc'><strong>331.</strong></span> <span class='ocrx_word' id='word_1_255' title='bbox 352 3275 425 3343; x_wconf 86' lang='lat' dir='ltr'>tum]</span> <span class='ocrx_word' id='word_1_256' title='bbox 445 3281 514 3328; x_wconf 79' lang='lat' dir='ltr'>tunc</span> <span class='ocrx_word' id='word_1_257' title='bbox 537 3275 589 3330; x_wconf 87' lang='lat' dir='ltr'>Gn.</span> <span class='ocrx_word' id='word_1_258' title='bbox 608 3277 632 3331; x_wconf 90' lang='lat'>3.</span> <span class='ocrx_word' id='word_1_259' title='bbox 658 3276 709 3348; x_wconf 76' lang='lat' dir='ltr'>hg.</span> <span class='ocrx_word' id='word_1_260' title='bbox 729 3288 839 3348; x_wconf 86' lang='lat' dir='ltr'>praeter</span> <span class='ocrx_word' id='word_1_261' title='bbox 855 3278 880 3333; x_wconf 90' lang='grc'>3.</span> <span class='ocrx_word' id='word_1_262' title='bbox 899 3280 924 3333; x_wconf 93' lang='grc'>4.</span> <span class='ocrx_word' id='word_1_263' title='bbox 942 3279 968 3333; x_wconf 94' lang='grc'>6.</span> <span class='ocrx_word' id='word_1_264' title='bbox 989 3277 1030 3332; x_wconf 89' lang='grc'>13.</span> <span class='ocrx_word' id='word_1_265' title='bbox 1050 3278 1091 3334; x_wconf 90' lang='grc'>33.</span> <span class='ocrx_word' id='word_1_266' title='bbox 1111 3280 1153 3334; x_wconf 80' lang='lat'>35.</span> <span class='ocrx_word' id='word_1_267' title='bbox 1171 3281 1214 3335; x_wconf 91' lang='grc'>36.</span> 
     </span>
     <span class='ocr_line' id='line_1_28' title="bbox 169 3357 1283 3432; baseline 0.003 -19"><span class='ocrx_word' id='word_1_268' title='bbox 169 3357 211 3413; x_wconf 81' lang='grc'><strong>611.</strong></span> <span class='ocrx_word' id='word_1_269' title='bbox 227 3358 269 3413; x_wconf 85' lang='grc'>81.</span> <span class='ocrx_word' id='word_1_270' title='bbox 284 3358 338 3425; x_wconf 75' lang='lat' dir='ltr'>at,</span> <span class='ocrx_word' id='word_1_271' title='bbox 358 3375 472 3428; x_wconf 87' lang='lat' dir='ltr'>quorum</span> <span class='ocrx_word' id='word_1_272' title='bbox 488 3367 588 3413; x_wconf 83' lang='lat' dir='ltr'>iumen</span> <span class='ocrx_word' id='word_1_273' title='bbox 601 3362 625 3414; x_wconf 92' lang='grc'>6.</span> <span class='ocrx_word' id='word_1_274' title='bbox 649 3379 715 3415; x_wconf 88' lang='lat' dir='ltr'>cum</span> <span class='ocrx_word' id='word_1_275' title='bbox 732 3364 775 3418; x_wconf 91' lang='grc'>36.</span> <span class='ocrx_word' id='word_1_276' title='bbox 788 3395 820 3404; x_wconf 91' lang='grc'>-</span> <span class='ocrx_word' id='word_1_277' title='bbox 839 3362 1040 3432; x_wconf 78' lang='lat' dir='ltr'>infirmandis]</span> <span class='ocrx_word' id='word_1_278' title='bbox 1056 3363 1216 3432; x_wconf 76' lang='lat' dir='ltr'>firmandis</span> <span class='ocrx_word' id='word_1_279' title='bbox 1280 3411 1283 3416; x_wconf 90' lang='lat'><strong>.</strong></span> 
     </span>
     <span class='ocr_line' id='line_1_29' title="bbox 170 3440 1214 3520; baseline 0.008 -24"><span class='ocrx_word' id='word_1_280' title='bbox 170 3440 221 3496; x_wconf 86' lang='lat' dir='ltr'>Ga.</span> <span class='ocrx_word' id='word_1_281' title='bbox 241 3445 266 3498; x_wconf 88' lang='grc'>3.</span> <span class='ocrx_word' id='word_1_282' title='bbox 284 3474 321 3484; x_wconf 84' lang='lat'>—-</span> <span class='ocrx_word' id='word_1_283' title='bbox 344 3450 372 3497; x_wconf 84' lang='lat' dir='ltr'>et</span> <span class='ocrx_word' id='word_1_284' title='bbox 391 3445 462 3513; x_wconf 78' lang='lat' dir='ltr'>iuris]</span> <span class='ocrx_word' id='word_1_285' title='bbox 481 3445 585 3499; x_wconf 90' lang='lat' dir='ltr'>addunt</span> <span class='ocrx_word' id='word_1_286' title='bbox 603 3445 709 3500; x_wconf 78' lang='lat' dir='ltr'>alienis·</span> <span class='ocrx_word' id='word_1_287' title='bbox 726 3447 743 3499; x_wconf 88' lang='grc'>3</span> <span class='ocrx_word' id='word_1_288' title='bbox 760 3450 829 3502; x_wconf 71' lang='lat' dir='ltr'>cori}</span> <span class='ocrx_word' id='word_1_289' title='bbox 851 3452 1049 3520; x_wconf 66' lang='lat' dir='ltr'>armeneentis,</span> <span class='ocrx_word' id='word_1_290' title='bbox 1067 3451 1092 3502; x_wconf 93' lang='grc'>4.</span> <span class='ocrx_word' id='word_1_291' title='bbox 1112 3448 1151 3503; x_wconf 92' lang='grc'>13.</span> <span class='ocrx_word' id='word_1_292' title='bbox 1172 3448 1214 3504; x_wconf 90' lang='grc'>36.</span> 
     </span>
     <span class='ocr_line' id='line_1_30' title="bbox 170 3510 1217 3604; baseline 0.008 -25"><span class='ocrx_word' id='word_1_293' title='bbox 170 3527 221 3582; x_wconf 88' lang='lat' dir='ltr'>Gu.</span> <span class='ocrx_word' id='word_1_294' title='bbox 239 3510 264 3582; x_wconf 86' lang='grc'>3.</span> <span class='ocrx_word' id='word_1_295' title='bbox 302 3532 362 3590; x_wconf 68' lang='lat' dir='ltr'>iuis·</span> <span class='ocrx_word' id='word_1_296' title='bbox 380 3535 565 3598; x_wconf 76' lang='lat' dir='ltr'>cer-prementis</span> <span class='ocrx_word' id='word_1_297' title='bbox 583 3532 607 3585; x_wconf 91' lang='grc'>3.</span> <span class='ocrx_word' id='word_1_298' title='bbox 626 3531 728 3597; x_wconf 79' lang='grc'><strong>6..33.,</strong></span> <span class='ocrx_word' id='word_1_299' title='bbox 747 3533 821 3602; x_wconf 89' lang='lat' dir='ltr'>qood</span> <span class='ocrx_word' id='word_1_300' title='bbox 838 3548 934 3585; x_wconf 87' lang='lat' dir='ltr'>verum</span> <span class='ocrx_word' id='word_1_301' title='bbox 954 3550 1015 3585; x_wconf 86' lang='lat' dir='ltr'>esse</span> <span class='ocrx_word' id='word_1_302' title='bbox 1032 3532 1084 3586; x_wconf 88' lang='lat' dir='ltr'>iam</span> <span class='ocrx_word' id='word_1_303' title='bbox 1103 3542 1217 3604; x_wconf 89' lang='lat' dir='ltr'>propter</span> 
     </span>
     <span class='ocr_line' id='line_1_31' title="bbox 170 3605 1215 3689; baseline 0.007 -23"><span class='ocrx_word' id='word_1_304' title='bbox 170 3612 298 3666; x_wconf 81' lang='lat' dir='ltr'>vocabuli</span> <span class='ocrx_word' id='word_1_305' title='bbox 315 3612 405 3664; x_wconf 86' lang='lat' dir='ltr'>locrnn</span> <span class='ocrx_word' id='word_1_306' title='bbox 423 3605 477 3666; x_wconf 86' lang='lat' dir='ltr'>non</span> <span class='ocrx_word' id='word_1_307' title='bbox 497 3623 596 3684; x_wconf 88' lang='lat' dir='ltr'>potest.</span> <span class='ocrx_word' id='word_1_308' title='bbox 609 3646 645 3656; x_wconf 84' lang='lat'>——</span> <span class='ocrx_word' id='word_1_309' title='bbox 662 3623 692 3669; x_wconf 83' lang='lat' dir='ltr'>ei</span> <span class='ocrx_word' id='word_1_310' title='bbox 705 3615 973 3688; x_wconf 76' lang='lat' dir='ltr'>reprehensionem]</span> <span class='ocrx_word' id='word_1_311' title='bbox 992 3634 1043 3671; x_wconf 87' lang='lat' dir='ltr'>orn.</span> <span class='ocrx_word' id='word_1_312' title='bbox 1058 3616 1107 3689; x_wconf 85' lang='lat' dir='ltr'>Lg.</span> <span class='ocrx_word' id='word_1_313' title='bbox 1122 3618 1139 3670; x_wconf 88' lang='grc'>3</span> <span class='ocrx_word' id='word_1_314' title='bbox 1153 3618 1215 3674; x_wconf 83' lang='lat' dir='ltr'>add.</span> 
     </span>
     <span class='ocr_line' id='line_1_32' title="bbox 168 3697 1215 3772; baseline 0.011 -27"><span class='ocrx_word' id='word_1_315' title='bbox 168 3699 390 3765; x_wconf 75' lang='lat' dir='ltr'>reprensionem</span> <span class='ocrx_word' id='word_1_316' title='bbox 407 3697 457 3751; x_wconf 89' lang='lat' dir='ltr'>Gu.</span> <span class='ocrx_word' id='word_1_317' title='bbox 477 3698 499 3751; x_wconf 94' lang='lat' dir='ltr'>l.</span> <span class='ocrx_word' id='word_1_318' title='bbox 517 3728 552 3739; x_wconf 77' lang='lat'>-</span> <span class='ocrx_word' id='word_1_319' title='bbox 577 3707 681 3753; x_wconf 83' lang='lat' dir='ltr'>eontra</span> <span class='ocrx_word' id='word_1_320' title='bbox 701 3699 851 3767; x_wconf 79' lang='lat' dir='ltr'>dicuntur]</span> <span class='ocrx_word' id='word_1_321' title='bbox 869 3698 917 3771; x_wconf 79' lang='grc' dir='ltr'>ὑφ’</span> <span class='ocrx_word' id='word_1_322' title='bbox 938 3701 969 3755; x_wconf 76' lang='grc' dir='ltr'>ἓν</span> <span class='ocrx_word' id='word_1_323' title='bbox 986 3700 1036 3772; x_wconf 78' lang='lat' dir='ltr'>hg.</span> <span class='ocrx_word' id='word_1_324' title='bbox 1054 3702 1096 3756; x_wconf 91' lang='grc'>65.</span> <span class='ocrx_word' id='word_1_325' title='bbox 1112 3702 1154 3758; x_wconf 78' lang='lat' dir='ltr'>ob.</span> <span class='ocrx_word' id='word_1_326' title='bbox 1174 3703 1215 3758; x_wconf 85' lang='lat'>70.</span> 
     </span>
    </p>
   </div>
   <div class='ocr_carea' id='block_1_13' title="bbox 170 3773 1292 3921">
    <p class='ocr_par' dir='ltr' id='par_1_13' title="bbox 170 3773 1292 3921">
     <span class='ocr_line' id='line_1_33' title="bbox 170 3773 1223 3855; baseline 0.009 -24"><span class='ocrx_word' id='word_1_327' title='bbox 170 3779 212 3832; x_wconf 89' lang='grc'>73.</span> <span class='ocrx_word' id='word_1_328' title='bbox 227 3778 269 3832; x_wconf 84' lang='grc'>81.</span> <span class='ocrx_word' id='word_1_329' title='bbox 285 3777 328 3832; x_wconf 83' lang='grc'>66.</span> <span class='ocrx_word' id='word_1_330' title='bbox 340 3779 429 3833; x_wconf 76' lang='grc'>93-</span> <span class='ocrx_word' id='word_1_331' title='bbox 451 3781 576 3851; x_wconf 88' lang='lat' dir='ltr'>idcirco]</span> <span class='ocrx_word' id='word_1_332' title='bbox 596 3788 705 3839; x_wconf 79' lang='lat' dir='ltr'>iccirco</span> <span class='ocrx_word' id='word_1_333' title='bbox 725 3783 790 3838; x_wconf 84' lang='lat' dir='ltr'>vltl</span> <span class='ocrx_word' id='word_1_334' title='bbox 808 3785 887 3840; x_wconf 88' lang='lat' dir='ltr'>codd.</span> <span class='ocrx_word' id='word_1_335' title='bbox 908 3803 1021 3855; x_wconf 87' lang='lat' dir='ltr'>quorum</span> <span class='ocrx_word' id='word_1_336' title='bbox 1039 3773 1223 3841; x_wconf 66' lang='lat' dir='ltr'>notabiliores</span> 
     </span>
     <span class='ocr_line' id='line_1_34' title="bbox 171 3861 1292 3921; baseline 0.012 -6"><span class='ocrx_word' id='word_1_337' title='bbox 171 3862 211 3918; x_wconf 85' lang='lat'>15.</span> <span class='ocrx_word' id='word_1_338' title='bbox 232 3861 274 3916; x_wconf 80' lang='grc'><strong>611.</strong></span> <span class='ocrx_word' id='word_1_339' title='bbox 294 3863 335 3917; x_wconf 88' lang='grc'>76.</span> <span class='ocrx_word' id='word_1_340' title='bbox 371 3863 404 3917; x_wconf 74' lang='lat' dir='ltr'>iel</span> <span class='ocrx_word' id='word_1_341' title='bbox 424 3868 502 3919; x_wconf 88' lang='lat' dir='ltr'>circe</span> <span class='ocrx_word' id='word_1_342' title='bbox 521 3866 563 3921; x_wconf 84' lang='grc'>84.</span> <span class='ocrx_word' id='word_1_343' title='bbox 1287 3870 1292 3873; x_wconf 63' lang='grc'><strong>’</strong></span> 
     </span>
    </p>
   </div>
   <div class='ocr_carea' id='block_1_14' title="bbox 245 3948 1246 4061">
    <p class='ocr_par' dir='ltr' id='par_1_14' title="bbox 245 3948 1246 4061">
     <span class='ocr_line' id='line_1_35' title="bbox 245 3948 1246 4061; baseline 0.009 -27"><span class='ocrx_word' id='word_1_344' title='bbox 245 3948 315 4035; x_wconf 88' lang='grc' dir='ltr'>Ι333.</span> <span class='ocrx_word' id='word_1_345' title='bbox 346 3981 532 4053; x_wconf 76' lang='lat' dir='ltr'>picenumque]</span> <span class='ocrx_word' id='word_1_346' title='bbox 548 3986 729 4056; x_wconf 78' lang='lat' dir='ltr'>plurimique</span> <span class='ocrx_word' id='word_1_347' title='bbox 747 3988 799 4043; x_wconf 89' lang='lat' dir='ltr'>Gu.</span> <span class='ocrx_word' id='word_1_348' title='bbox 818 3988 843 4044; x_wconf 91' lang='grc'>3.</span> <span class='ocrx_word' id='word_1_349' title='bbox 862 4016 898 4030; x_wconf 84' lang='lat'>·-</span> <span class='ocrx_word' id='word_1_350' title='bbox 916 3989 1072 4061; x_wconf 71' lang='lat' dir='ltr'>eupendis]</span> <span class='ocrx_word' id='word_1_351' title='bbox 1091 3989 1217 4060; x_wconf 73' lang='lat' dir='ltr'>apendir</span> <span class='ocrx_word' id='word_1_352' title='bbox 1243 4042 1246 4049; x_wconf 58' lang='lat'><em>„</em></span> 
     </span>
    </p>
   </div>
   <div class='ocr_carea' id='block_1_15' title="bbox 169 4064 1318 4142">
    <p class='ocr_par' dir='ltr' id='par_1_15' title="bbox 169 4064 1318 4142">
     <span class='ocr_line' id='line_1_36' title="bbox 169 4064 1318 4142; baseline 0.003 -22"><span class='ocrx_word' id='word_1_353' title='bbox 169 4065 219 4137; x_wconf 81' lang='lat' dir='ltr'>Lg.</span> <span class='ocrx_word' id='word_1_354' title='bbox 243 4066 269 4121; x_wconf 92' lang='grc'>3.</span> <span class='ocrx_word' id='word_1_355' title='bbox 293 4068 318 4120; x_wconf 94' lang='grc'>4.</span> <span class='ocrx_word' id='word_1_356' title='bbox 345 4067 385 4121; x_wconf 91' lang='grc'>14.</span> <span class='ocrx_word' id='word_1_357' title='bbox 409 4066 451 4121; x_wconf 87' lang='grc'>33.</span> <span class='ocrx_word' id='word_1_358' title='bbox 475 4068 510 4122; x_wconf 90' lang='grc'>33</span> <span class='ocrx_word' id='word_1_359' title='bbox 529 4087 599 4124; x_wconf 89' lang='lat' dir='ltr'>eorr.</span> <span class='ocrx_word' id='word_1_360' title='bbox 623 4072 667 4126; x_wconf 88' lang='grc'>67.</span> <span class='ocrx_word' id='word_1_361' title='bbox 692 4066 734 4126; x_wconf 81' lang='grc'>63.</span> <span class='ocrx_word' id='word_1_362' title='bbox 754 4101 789 4113; x_wconf 78' lang='lat'>-</span> <span class='ocrx_word' id='word_1_363' title='bbox 822 4075 990 4142; x_wconf 77' lang='lat' dir='ltr'>omniaque]</span> <span class='ocrx_word' id='word_1_364' title='bbox 1014 4079 1116 4126; x_wconf 85' lang='lat' dir='ltr'>omnia</span> <span class='ocrx_word' id='word_1_365' title='bbox 1140 4089 1225 4139; x_wconf 74' lang='lat' dir='ltr'>quae·</span> <span class='ocrx_word' id='word_1_366' title='bbox 1308 4064 1318 4079; x_wconf 53' lang='lat'><strong>⁸</strong></span> 
     </span>
    </p>
   </div>
   <div class='ocr_carea' id='block_1_16' title="bbox 169 4147 1215 4222">
    <p class='ocr_par' dir='ltr' id='par_1_16' title="bbox 169 4147 1215 4222">
     <span class='ocr_line' id='line_1_37' title="bbox 169 4147 1215 4222; baseline 0 -18"><span class='ocrx_word' id='word_1_367' title='bbox 169 4151 270 4206; x_wconf 84' lang='lat' dir='ltr'>vitiose</span> <span class='ocrx_word' id='word_1_368' title='bbox 293 4151 344 4222; x_wconf 80' lang='lat' dir='ltr'>Lg.</span> <span class='ocrx_word' id='word_1_369' title='bbox 363 4152 388 4207; x_wconf 88' lang='lat'>2.</span> <span class='ocrx_word' id='word_1_370' title='bbox 412 4152 438 4207; x_wconf 88' lang='grc'>5.</span> <span class='ocrx_word' id='word_1_371' title='bbox 463 4153 488 4209; x_wconf 88' lang='grc'>6.</span> <span class='ocrx_word' id='word_1_372' title='bbox 513 4152 553 4208; x_wconf 86' lang='grc'>13.</span> <span class='ocrx_word' id='word_1_373' title='bbox 576 4154 617 4211; x_wconf 90' lang='grc'>14.</span> <span class='ocrx_word' id='word_1_374' title='bbox 639 4155 681 4212; x_wconf 83' lang='lat'>15.</span> <span class='ocrx_word' id='word_1_375' title='bbox 704 4155 746 4209; x_wconf 85' lang='grc'>16.</span> <span class='ocrx_word' id='word_1_376' title='bbox 768 4157 812 4212; x_wconf 86' lang='grc'>30.</span> <span class='ocrx_word' id='word_1_377' title='bbox 831 4157 874 4210; x_wconf 93' lang='grc'>31.</span> <span class='ocrx_word' id='word_1_378' title='bbox 888 4147 932 4208; x_wconf 66' lang='grc'>’34</span> <span class='ocrx_word' id='word_1_379' title='bbox 950 4172 1019 4208; x_wconf 85' lang='lat' dir='ltr'>corr.</span> <span class='ocrx_word' id='word_1_380' title='bbox 1043 4154 1085 4220; x_wconf 77' lang='grc'>36.</span> <span class='ocrx_word' id='word_1_381' title='bbox 1109 4153 1152 4206; x_wconf 85' lang='grc'>65.</span> <span class='ocrx_word' id='word_1_382' title='bbox 1171 4152 1215 4204; x_wconf 83' lang='grc'>69.</span> 
     </span>
    </p>
   </div>
   <div class='ocr_carea' id='block_1_17' title="bbox 0 0 1476 4608">
    <p class='ocr_par' dir='ltr' id='par_1_17' title="bbox 0 0 1476 4608">
     <span class='ocr_line' id='line_1_38' title="bbox 0 0 1476 4608; baseline 0 0"><span class='ocrx_word' id='word_1_383' title='bbox 0 0 1476 4608; x_wconf 95' lang='lat' dir='ltr'> </span> 
     </span>
    </p>
   </div>
  </div>
 </body>
</html>
