2876 4612
355 298 416 365 on
444 296 672 381 oonnoeu
698 294 896 384 emnem.
918 299 970 365 sn.
1085 298 1182 374 ou
1218 299 1222 307 ’

116 469 243 545 Cotta,
272 467 354 553 quod
375 476 451 534 nota
471 459 543 531 esse
565 466 657 533 nobis
678 474 783 553 putes,
805 429 1128 534 uinadednitionibus
1148 478 1180 535 ot

118 589 206 650 sine
234 582 384 670 exemplis
411 581 570 648 effudisse.
623 580 808 667 ligavero,
835 584 934 668 inquit
961 581 1111 660 Crassus,
1136 603 1178 649 no

116 702 193 767 illa
215 701 348 787 quidem,
371 719 452 785 quae
475 700 662 786 supradixi,
682 719 766 767 nova
785 699 877 766 vobis
898 718 971 765 esse
991 697 1178 778 arbitrabar,
1277 673 1280 684 ⁵

119 819 192 884 sed
217 818 370 885 voluntati
400 827 537 884 vestrum
567 819 702 882 omnium
733 819 832 904 parui.
884 816 958 881 209.
988 814 1046 881 ldis
1074 827 1176 883 autem

119 935 172 1000 de
201 935 295 1000 rebus
327 934 378 1000 sol
409 933 540 999 maille
568 933 726 999 admonuit
757 943 791 999 ut
815 928 942 998 brevior
967 951 1088 1011 essem,
1123 936 1177 1020 qui

49 1060 54 1067 '
118 1053 201 1139 ipse
224 1053 287 1115 iam
307 1053 518 1137 praecipitans
539 1070 588 1115 me
612 1069 733 1136 quoque
754 1048 835 1115 haec
854 1050 1055 1136 praeeipitem
1076 1069 1199 1139 paene*

121 1168 280 1234 evolvere
309 1169 422 1251 coegit.
466 1165 533 1232 Sed
557 1176 661 1232 tamen
686 1165 777 1231 huius
804 1167 931 1249 generis
952 1164 1177 1233 demonstratio

119 1294 180 1350 est
213 1294 243 1349 et
269 1283 412 1350 doctrina
443 1284 515 1368 ipsa
538 1283 698 1366 vulgaris3
727 1302 805 1347 usus
837 1292 939 1348 autem
968 1281 1174 1370 gravissimus

121 1410 161 1468 et
188 1403 222 1466 in
248 1400 308 1466 hoo
334 1409 400 1465 toto
427 1399 551 1464 dioendi
578 1400 681 1466 studio
707 1398 916 1464 difficillimus.
967 1399 1040 1464 210.
1072 1397 1174 1477 Quam

121 1517 273 1596 obrem,
301 1517 447 1602 quoniam
474 1515 513 1580 de
536 1525 647 1584 ornatu
669 1517 752 1581 omni
780 1517 932 1581 orationis
958 1525 1028 1582 sunt
1053 1534 1171 1592 omnes,

122 1636 158 1699 si
186 1653 251 1699 non
274 1632 437 1719 patefacti,
466 1641 498 1697 at
525 1642 609 1698 certe
632 1617 864 1698 commonstrati
884 1632 968 1698 loci:
994 1632 1175 1718 numquid
1236 1603 1240 1616 .

123 1760 234 1836 aptum
255 1751 309 1825 sit,
337 1747 398 1814 hoo
424 1758 485 1825 est,
512 1749 587 1835 quid
612 1751 745 1839 maxime
768 1749 879 1814 deceat
904 1751 938 1815 in
959 1750 1101 1815 oratione
1122 1749 1171 1813 vi-

122 1868 268 1932 deamus.
313 1863 496 1952 Quanquam
515 1862 548 1931 id
570 1866 694 1951 quidem
715 1867 912 1952 perspicuum
932 1875 981 1931 est
1001 1884 1066 1930 non
1085 1866 1170 1931 omni

124 2001 247 2050 causae
272 2001 332 2047 neo
354 1982 488 2047 auditori
513 2000 614 2067 neque
636 2001 792 2068 personae
818 1998 919 2067 neque
941 1982 1072 2068 tempori
1094 1998 1169 2048 oon-

102 2118 241 2197 'gruere
268 2099 419 2163 orationis
445 2114 538 2162 uuum
564 2117 675 2183 genus.
717 2096 791 2164 211.
818 2095 899 2164 Nam
921 2109 951 2166 et
973 2116 1090 2167 causae
1112 2118 1167 2165 oa-

124 2349 155 2402 in
173 2345 321 2400 verborum
336 2344 431 2415 figuris
449 2342 527 2398 locus
549 2362 604 2400 non
622 2354 672 2400 est.
689 2373 725 2386 -
754 2354 841 2417 otpoe
863 2347 968 2400 dorum
991 2346 1103 2399 similia
1121 2344 1174 2398 eod

118 2431 214 2504 plura
233 2432 326 2482 etiam
343 2445 405 2482 esse
419 2420 559 2500 possunt]
585 2428 654 2482 hsec’
666 2438 738 2501 post
754 2430 902 2483 victorium
921 2431 980 2483 inre
996 2431 1088 2483 iuncta
1103 2436 1167 2482 sunt

107 2513 225 2577 χ68611.
249 2513 346 2567 Mueid.
365 2511 465 2577 Henn,
492 2528 553 2564 cum
571 2504 679 2565 'soleret
703 2522 764 2583 post
787 2512 901 2566 remilia
925 2513 1067 2583 distingui,
1091 2508 1166 2582 qnod

127 2599 209 2652 etiam
232 2595 282 2652 Or.
312 2606 353 2652 est
382 2605 498 2651 secutus.
544 2595 610 2650 Non
636 2597 736 2650 rectius
758 2596 890 2657 Ernestus
919 2601 1076 2671 παρένθετα
1100 2596 1166 2652 fucit

123 2681 211 2736 verba
233 2682 280 2735 oud
294 2682 386 2753 ploro
408 2698 471 2735 esse
487 2686 625 2753 possuntt.
642 2706 678 2719 -
708 2681 931 2750 uerborumque]
955 2698 1006 2735 om.
1026 2680 1076 2752 ng.
1094 2680 1120 2735 2.
1138 2681 1169 2735 4,·

124 2766 168 2819 24.
186 2765 220 2817 32
237 2765 299 2818 add.
316 2792 353 2805 -
384 2762 679 2832 conformationibus]
705 2781 757 2820 om.
776 2764 827 2836 Lg.
844 2764 922 2831 XH.,
945 2766 974 2820 in
997 2765 1093 2833 quibus
1115 2762 1173 2817 bo·-

126 2865 224 2903 norum
242 2857 285 2900 est
303 2848 364 2913 13..
380 2857 408 2902 et
424 2846 511 2901 Victa
553 2858 555 2863 ’
581 2885 583 2889 .
1030 2909 1033 2917 ¹

209 2929 268 2984 LV.
302 2929 361 2984 208.
397 2930 549 3000 effudisse]
579 2929 695 3000 fodisse
719 2929 770 3001 Lg.
793 2931 819 2985 6.
854 2931 1012 3001 diffudisse
1038 2930 1070 2984 17
1090 2946 1161 2986 corr.

127 3014 226 3082 defud.
241 3014 284 3068 24.
300 3043 335 3053 -
351 3015 490 3080 oestrum]
504 3021 639 3067 nostrum
656 3013 706 3084 Lg.
723 3014 763 3070 13.
781 3015 816 3068 32
829 3032 899 3072 corr.
917 3017 964 3072 36.
984 3022 1104 3070 vestroe
1117 3014 1160 3068 60.

126 3101 217 3153 uestri
232 3096 266 3151 93
283 3114 355 3152 corr.
1148 3129 1152 3145 ι

208 3182 267 3235 209.
304 3188 350 3235 est
372 3183 418 3248 et]
441 3187 486 3235 est
510 3198 563 3237 om.
586 3178 741 3253 ng.x1V.‚
763 3182 897 3237 bonorum
920 3183 1019 3240 nulius.
1054 3186 1116 3234 stat
1135 3180 1170 3232 4.Ι

128 3268 166 3321 15.
188 3266 231 3320 24.
254 3264 298 3319 66.
334 3272 392 3319 stet
417 3264 458 3319 13.
480 3265 523 3320 36.
547 3267 590 3319 67.
609 3265 670 3323 ,Gn
690 3265 715 3320 3.
751 3265 840 3319 Paulo
865 3275 929 3320 ante
950 3265 1072 3319 inutilem
1096 3279 1168 3316 eom·

70 3344 73 3359 '
126 3351 251 3404 iecturam
270 3350 420 3404 deuoluere
438 3349 502 3404 Seh.
520 3349 605 3403 edidit
621 3366 672 3419 pro
692 3349 826 3411 euoluere,
929 3379 933 3388 ·

207 3433 267 3487 210.
303 3441 372 3488 sont
391 3439 509 3497 omnes,
535 3438 563 3488 st
584 3433 655 3503 non]
679 3435 719 3487 sio
741 3433 835 3503 optimi
859 3432 938 3487 codd.
962 3432 1012 3503 ng,
1030 3433 1055 3486 2.
1072 3433 1098 3487 4.
1119 3431 1170 3486 13.1

127 3517 167 3570 24.
184 3514 225 3570 32.
243 3518 285 3571 36.
310 3518 360 3571 Gn.
378 3519 404 3573 3.
440 3521 469 3571 si
484 3533 543 3570 nort
560 3524 628 3570 meod
646 3533 747 3571 omnes
772 3516 823 3578 Gn,
844 3516 867 3570 1.
885 3516 916 3580 2,,
934 3514 1005 3575 Viot.
1028 3515 1077 3585 [ις.
1096 3522 1159 3574 ceti.

129 3600 161 3654 al.
178 3607 205 3652 et
221 3600 304 3670 vulgo
323 3610 386 3654 ante
403 3596 468 3654 Ero.
487 3629 522 3642 -
552 3601 601 3667 at]
620 3608 650 3654 et
673 3598 723 3670 ng.
742 3600 766 3653 6.
790 3600 829 3654 13.
851 3599 890 3654 15.
910 3601 943 3655 16
960 3616 1029 3656 corr.
1051 3598 1094 3661 21.
1114 3599 1157 3652 24.

129 3683 167 3737 32.
181 3682 223 3738 81.
243 3714 273 3723 -
303 3686 546 3752 commonstrati]
563 3686 725 3737 monstrati
741 3681 792 3752 Lg.
808 3683 850 3737 24.
868 3713 904 3724 -
927 3684 1000 3754 quid
1014 3683 1171 3750 munel·

129 3766 200 3834 quod
220 3783 259 3820 m.
284 3765 334 3838 Lg.
359 3767 684 3838 praeter2.13‚36.—-
717 3768 897 3836 quostquam]
920 3785 1010 3838 poam
1030 3767 1080 3838 Lg.
1095 3766 1158 3829 XV,

129 3849 268 3918 inquibus
290 3861 353 3904 sunt
374 3853 399 3906 2.
423 3854 464 3918 4.,
490 3862 517 3905 et
541 3851 591 3906 Gn.
610 3852 635 3905 3.
654 3879 689 3890 -·
717 3865 809 3919 respue
827 3855 983 3922 personae]
1006 3869 1060 3906 meo
1079 3865 1156 3922 pers.

130 3931 173 4004 ng.
190 3933 215 3985 a.
234 3933 274 3987 m.
291 3933 334 3986 m.
352 3934 394 3988 ar.
411 3935 453 3990 so.
475 3934 525 3991 au.
542 3935 564 3990 1.
583 3966 618 3976 -
634 3949 724 3988 eoem
740 3936 843 4005 penos]
861 3954 914 3992 om.
935 3937 986 3990 Gn.
1006 3936 1028 3991 1.
1050 3923 1099 4002 ug.
1112 3929 1155 3982 2¹.

128 4017 156 4070 61
173 4016 233 4071 add.
269 4033 359 4070 mentm
378 4035 431 4072 om.
450 4019 474 4074 2.

117 4130 121 4135 -
204 4101 263 4156 211.
299 4118 372 4156 nam
389 4107 418 4156 et
435 4104 554 4180 eaesae]
574 4060 800 4183 oomflmoprrum
816 4076 906 4179 portus
923 4102 973 4170 Lg.
988 4098 1014 4158 3.
1026 4098 1052 4159 5.
1069 4095 1095 4152 6.
1115 4094 1155 4149 17.
