2876 4612
254 267 368 358 m·
456 338 460 345 .
574 232 580 237 ’
648 278 907 350 crcnuours

256 508 260 517 .
339 448 490 518 xxxvl
521 447 594 517 let.
617 448 698 516 'l'trm
719 448 825 529 Cotta,
845 449 1012 537 liquidem,
1033 452 1147 537 inquit,
1170 448 1329 527 Crasse,

253 591 318 638 non
337 589 466 657 possum
492 571 595 656 queri,
624 568 708 655 quod
734 565 810 634 milri
829 568 960 635 videare
987 568 1073 634 aliud
1098 569 1264 655 ᾳιιιάιιιιιιι
1294 579 1331 634 et

253 687 381 766 numid,
403 685 487 774 quod
509 688 701 773 susceperis,
724 684 918 773 disputarem
938 685 1009 773 plus
1030 690 1115 752 enim
1137 686 1329 772 aliquanto

253 805 399 883 multati,
422 824 517 891 quam
537 803 594 870 tihi
615 814 685 869 erat
706 802 883 870 attributum
905 803 1039 870 anobis
1062 809 1114 885 [ac
1135 804 1325 871 denuntia·

252 926 338 1003 tuml.
372 921 439 989 Sed
454 932 539 988 certe
560 931 593 986 ιιι
611 919 673 987 hae
687 930 793 1008 partes
808 921 931 987 luerunt
945 931 1032 999 tuae,
1056 922 1095 988 de
1110 918 1326 986 illustranda

253 1042 396 1108 oratione
426 1047 460 1104 ut
486 1037 629 1117 diceres,
661 1048 692 1104 et
717 1058 791 1105 erus
822 1040 890 1124 ipse
923 1040 986 1104 iam
1013 1043 1180 1124 ingressus
1208 1049 1323 1124 atque

254 1160 289 1224 in
308 1167 455 1244 quettuor
476 1166 583 1242 partes
605 1175 727 1222 omnem
750 1157 902 1223 orationis
923 1140 1049 1221 laudem
1071 1157 1318 1243 descripseras,

254 1283 353 1364 ᾳιιιιιιι·
371 1275 410 1341 de
433 1274 554 1341 duabus
576 1276 684 1360 primis
705 1273 798 1340 nobis
821 1273 946 1360 quidem
967 1276 1059 1352 satis,
1082 1275 1154 1351 sed,
1178 1285 1211 1340 ut
1232 1278 1319 1360 ipse

175 1454 178 1459 .
255 1394 400 1472 dicebm,
428 1393 576 1460 celeriter
595 1393 770 1476 exigueque
792 1391 948 1457 dixisses:
976 1366 1055 1457 duas
1080 1392 1137 1457 tibi
1158 1392 1316 1478 reliquas

253 1515 392 1589 ieceras,
421 1530 513 1597 quem
539 1509 579 1576 ad
605 1508 730 1576 modum
754 1511 886 1596 primum
911 1519 1037 1587 ornate,
1058 1509 1178 1583 ‚deinde
1206 1511 1315 1574 etiam

254 1642 324 1719 apte
346 1630 531 1696 diceremus.
575 1625 649 1694 lm.
676 1626 745 1705 Quo
767 1648 837 1694 cum
858 1630 1022 1712 ingressus
1044 1646 1149 1704 esses,
1171 1635 1311 1714 repente

252 1759 283 1816 te
310 1749 402 1835 quasi
430 1745 555 1833 quidam
589 1756 695 1812 aestus
721 1747 840 1830 ingenii
867 1746 911 1811 tui
940 1743 1050 1831 procul
1083 1748 1217 1810 eterra
1244 1742 1311 1809 ab·

252 1867 346 1953 ripuit
362 1875 454 1950 atque
476 1866 510 1928 in
527 1863 621 1928 altum
645 1874 849 1949 aconspectu
868 1882 967 1948 paene
985 1842 1119 1928 omnium
1136 1861 1307 1927 abstraxit.

253 1979 384 2046 Omnem
411 1981 494 2045 enim
515 1976 619 2044 reruin
641 1981 806 2049 scientiam
827 1979 1008 2066 complexus
1034 1999 1099 2073 non
1119 1990 1152 2043 tu
1174 1978 1306 2064 quidem

252 2118 324 2164 eam
350 2093 443 2163 nobis
469 2094 646 2160 tradidisti:
677 2115 778 2182 neque
806 2098 888 2161 enim
915 2097 973 2162 fuit
1000 2107 1062 2161 tam
1089 2097 1195 2181 exigui
1221 2105 1303 2161 tem-

252 2217 361 2305 porir3
387 2213 446 2284 sed
472 2212 554 2300 apud
575 2212 633 2279 hos
656 2212 730 2299 quid
750 2213 924 2300 profeceris
950 2217 1075 2293 nescio,
1101 2234 1151 2281 me
1174 2213 1328 2300 quideme

339 2431 468 2488 XXXVl.
503 2431 559 2484 itt.
588 2436 655 2485 erut
671 2429 861 2502 attributum]
880 2437 956 2484 essct
975 2429 1117 2484 tributum
1134 2431 1219 2502 vulgo
1235 2429 1301 2484 iude

255 2517 290 2573 ab
308 2516 502 2587 antiquissimis
521 2515 583 2571 edd.
619 2516 677 2570 Sed
695 2522 770 2571 esset
788 2517 863 2571 tenui
885 2514 942 2570 fide
962 2525 1019 2583 est,
1044 2534 1062 2569 a
1078 2516 1199 2585 solisque
1217 2516 1298 2571 codd.

253 2602 310 2659 Ga.
331 2603 353 2656 l.
371 2602 397 2656 2
422 2601 543 2673 Anglicis
562 2600 593 2656 Ζ.
612 2607 678 2670 dy.
696 2619 717 2656 e.
744 2601 794 2672 Lg.
814 2601 856 2656 35.
874 2600 916 2656 81.
934 2601 977 2656 sd.
1004 2601 1093 2655 Have.
1114 2601 1137 2656 l.
1164 2599 1296 2657 firmatur.

254 2688 346 2742 Ceteri
360 2704 454 2740 omnes
472 2692 547 2750 erut,
564 2703 615 2739 nec
633 2686 690 2739 ullo
701 2686 865 2739 coniunctivi
879 2700 962 2739 causo
974 2686 1053 2739 reddi
1065 2693 1165 2756 potest.
1189 2671 1300 2739 Deinde

253 2772 432 2827 ammentum
456 2769 505 2841 Lg.
527 2779 638 2841 praeter
660 2770 701 2825 35.
719 2771 753 2825 93
772 2787 880 2836 omues,
904 2770 975 2824 Vict.
1001 2770 1052 2824 Gn.
1071 2771 1096 2825 3.
1120 2770 1210 2825 Hero.
1232 2769 1298 2824 122.

253 2858 284 2911 Z.
303 2877 330 2926 γ.
346 2876 367 2910 ε.
388 2856 468 2910 codd.
489 2854 583 2926 Regii,
609 2856 651 2910 ed.
670 2855 808 2909 Waldurl.
845 2853 1067 2908 attribuendum
1085 2867 1117 2925 ψ.
1154 2855 1299 2909 tributum

252 2940 310 2994 mei.
347 2941 444 2992 Statim
462 2956 499 2992 ac
516 2940 722 2993 denuntiatum
740 2940 843 2994 uncinis
861 2940 1027 3006 inclusimus,
1046 2957 1106 2991 cum
1124 2939 1195 2993 absit
1210 2958 1228 2993 a
1246 2937 1297 3010 [ις.

252 3032 363 3094 praeter
376 3022 418 3075 81.
433 3021 475 3075 st.
488 3021 530 3076 93.
551 3024 675 3077 omnibus
690 3034 717 3077 et
731 3026 818 3090 Vict.;
840 3027 961 3079 eiecerat
978 3025 1030 3077 iarn
1043 3023 1203 3079 Lambinus.
1226 3024 1298 3078 Vide

254 3106 289 3160 ad
309 3104 343 3159 ll.
362 3104 411 3171 33,
429 3105 486 3160 itt.
503 3134 538 3145 -·
560 3112 594 3159 ut
611 3105 668 3161 itae
680 3115 787 3181 partes
800 3140 836 3152 —
851 3127 916 3163 eum
935 3110 972 3178 qe
990 3109 1119 3180 duabus]
1136 3108 1207 3163 Cum
1224 3115 1253 3162 et
1269 3116 1298 3162 et

253 3207 377 3261 cumque
395 3190 478 3262 vulgo
495 3189 693 3269 legeretum‘ut
710 3195 873 3264 corrigendo
892 3213 928 3249 en
945 3195 1016 3248 Vict.
1038 3193 1089 3248 Gu.
1104 3193 1129 3248 3.
1147 3193 1198 3265 Lg.
1213 3193 1297 3247 omni-

251 3278 302 3333 bus
321 3284 434 3348 praeter
451 3277 475 3331 4.
493 3276 597 3332 ital.
611 3278 665 3343 84„
685 3278 829 3348 inquibus
847 3289 875 3334 et
892 3280 944 3334 Gu.
960 3278 984 3333 l.
1002 3274 1142 3345 omittitur,
1161 3288 1190 3332 ut
1209 3289 1296 3333 tamen

251 3365 279 3419 iu
297 3366 322 3419 d.
341 3362 430 3415 altera
446 3379 541 3417 monus
559 3363 703 3429 addiderit,
722 3381 841 3419 cumen
859 3365 909 3436 ng.
928 3365 953 3417 3.
972 3366 997 3419 cl.
1015 3363 1040 3418 6.
1059 3363 1101 3418 32.
1120 3360 1176 3419 (iis
1189 3364 1242 3418 Gn.
1260 3361 1296 3428 3.,

158 3513 159 3516 ¹
214 3454 451 3529 “praetereaque
480 3448 596 3501 mediam
619 3449 818 3503 distinctionem
846 3457 910 3520 post
933 3448 1137 3521 descripseras
1165 3448 1296 3503 sublatam

251 3529 381 3603 ponendo
400 3539 464 3599 post
482 3533 630 3597 dimissos,
646 3543 684 3588 >ut
700 3536 764 3589 iude
782 3535 913 3604 apodosis
930 3536 1078 3604 inciperet,
1101 3533 1193 3588 locum
1210 3532 1295 3603 impli-

251 3617 381 3671 catiorem
400 3626 427 3670 et
443 3617 615 3673 librariorum
633 3620 801 3690 negligentia
820 3618 1144 3689 corruptumrestituisse
1161 3619 1294 3671 videmur.

252 3701 320 3755 Cum
338 3700 366 3753 in
379 3699 521 3757 ‘sententie
541 3704 624 3771 paulo
643 3704 768 3774 longiore
788 3710 822 3757 ut
837 3705 866 3757 in
886 3711 914 3757 et
932 3712 1062 3758 mutatum
1081 3711 1170 3769 esset,
1196 3703 1296 3772 quippe

253 3786 327 3855 quod
355 3786 436 3840 alteri
463 3793 493 3839 et
519 3787 648 3857 deinceps
677 3790 804 3858 sequenti
834 3789 1004 3860 respondere
1031 3788 1186 3854 videretur,
1215 3786 1295 3841 facile

251 3872 332 3927 etiem
350 3887 417 3924 oum
440 3871 608 3940 iocumque
630 3872 705 3929 abiit.
746 3872 784 3927 Ut
806 3883 848 3928 est
866 3891 963 3943 quem
980 3872 1185 3938 admodum,
1209 3875 1294 3932 sicut,

251 3967 278 4010 et
310 3954 445 4025 duplicem
473 3954 519 4008 ille
550 3955 699 4011 verborum
729 3959 856 4012 circuitus
888 3959 1010 4028 protasia
1038 3957 1138 4021 habet,
1173 3955 1294 4010 binorum

211 4062 214 4068 ¹
251 4039 434 4095 membrorum
457 4041 606 4105 utramque.
642 4040 708 4094 Una
729 4051 771 4094 est
794 4042 847 4095 sed
869 4049 902 4095 rei
922 4042 1098 4111 fueruat-
1112 4047 1144 4095 et
1165 4041 1237 4110 (seli.
1256 4038 1294 4106 ut)

252 4139 320 4178 eras
338 4125 594 4194 impressusatque
610 4123 813 4199 descripseras
818 4164 830 4197 q
846 4109 1019 4182 altere'eum
1032 4155 1068 4170 ···
1083 4128 1176 4189 sutis,
1195 4125 1250 4180 sed
1262 4152 1294 4167 -
