2938 4590
261 250 356 372 sss
587 237 592 245 ¹
653 272 925 360 crasaoms'

260 486 298 534 se
323 465 403 531 forte
425 463 551 529 iactant
593 438 788 528 Parcendum
814 472 917 527 autam
944 461 1077 528 maxime
1104 471 1154 528 est
1179 463 1310 530 caritati

248 554 440 657 ”hominumss
457 599 498 645 nc
519 589 635 645 temere
657 582 691 645 in
712 599 769 646 eos
791 580 896 656 dicas,
918 581 972 664 qui
993 579 1172 664 diliguntur.

263 750 291 781 „
347 694 432 763 Lix.
473 696 546 762 338.
578 695 666 767 llaec
697 699 792 781 igitur
822 696 1000 763 adhihenda
1031 707 1080 762 est
1104 698 1245 782 'primum'
1272 698 1311 763 in

147 799 149 808 ’
261 815 397 885 iocando
422 813 605 881 moderatio.
653 812 760 898 ltaque
788 832 829 878 ea
855 813 1006 879 facillime
1033 813 1191 891 luduntur,
1223 833 1308 898 quae
1327 866 1335 899 1
1450 840 1451 909 3

263 953 365 1020 meque
398 931 472 997 odio
509 949 760 1016 magicaeque
791 930 1010 997 misericordia
1040 933 1177 995 maxima
1208 929 1330 1014 digna*v
1450 916 1451 925 '

199 1104 201 1113 .
260 1061 343 1119 sunt.
371 1047 487 1127 ,Quam
510 1046 550 1114 ob
577 1067 644 1112 rem
668 1048 816 1112 materies
831 1052 944 1113 ,omnis
970 1045 1171 1112 ridiculorum
1198 1049 1308 1111 estin

261 1171 313 1235 lris
339 1167 438 1243 vitiis,
472 1182 552 1248 quae
585 1173 656 1228 sunt
686 1166 720 1228 in
748 1165 814 1229 vita
841 1161 998 1229 hominum
1028 1183 1129 1249 neque
1161 1182 1310 1229 carorum

261 1305 363 1372 neom
396 1281 650 1349 calamitosorum
681 1300 781 1366 neque
814 1299 935 1358 eorum,
969 1281 1022 1365 qui
1048 1279 1088 1345 ab
1114 1279 1238 1346 facinus
1266 1280 1309 1345 ad

262 1401 446 1488 supplicium
461 1395 604 1482 rapiendi
618 1396 775 1474 videntum
798 1415 897 1482 eaque
918 1396 1002 1463 belle
1023 1399 1143 1481 agitata
1158 1397 1307 1464 ridentur.
1327 1420 1330 1424 “

262 1518 335 1597 333.
368 1513 425 1580 Est
452 1515 548 1579 etiam
579 1512 785 1579 deformitatis
817 1523 848 1578 et
879 1516 1019 1599 corporis
1050 1516 1195 1580 vitiorum
1228 1516 1329 1578 satis‘

261 1634 350 1701 bella
370 1632 517 1698 materies
545 1629 586 1695 ad
611 1630 793 1708 iocandum3
819 1629 876 1695 scd
898 1632 1076 1716 quaerimus
1097 1630 1195 1707 idem,
1223 1629 1330 1715 quod.

262 1754 297 1819 in
318 1753 431 1833 ceteris
448 1746 549 1813 ‘rebus
576 1749 709 1813 maxime
737 1747 948 1833 quaerendum
973 1757 1037 1827 est,
1064 1756 1234 1833 quaemus.
1268 1744 1306 1810 ln

262 1999 332 2051 mira
347 1967 496 2064 demptura,
515 1996 590 2049 cuius
608 2013 659 2049 nec
677 1997 754 2065 origo
772 2012 824 2049 nee
841 1995 987 2066 explicatio
1004 1993 1171 2067 intelligitur.
1189 2022 1225 2033 -
1244 1993 1306 2061 est]

263 2089 327 2153 post
344 2082 479 2157 maximae
496 2081 635 2148 posuimus
652 2080 800 2132 secundnm
817 2079 867 2150 ng.
881 2080 906 2133 3.
918 2082 943 2134 3.
957 2082 982 2134 4.
995 2081 1020 2134 6.
1038 2080 1078 2134 13.
1093 2080 1135 2134 33.
1151 2079 1193 2133 36.
1215 2077 1266 2130 Ga.
1279 2076 1306 2131 3.

146 2192 149 2200 =
263 2164 295 2219 ld
314 2181 374 2218 cum
392 2163 483 2216 ultima
500 2163 581 2217 litera
597 2163 674 2218 vocis
693 2167 826 2217 maxime
844 2164 1000 2235 absorptum
1019 2173 1100 2230 esset,
1120 2162 1307 2217 commodiore

262 2250 326 2303 loco
340 2246 467 2301 infercire
480 2247 531 2300 sibi
546 2248 597 2302 visi
611 2256 672 2300 sunt
685 2239 794 2301 librarii.
821 2247 891 2301 Post
905 2256 1004 2301 orclem
1016 2248 1116 2318 legitur
1133 2248 1161 2319 iu
1179 2244 1230 2300 Gur.
1243 2245 1264 2299 l.
1279 2245 1314 2323 3.-

263 2343 292 2388 et
309 2333 408 2386 ceteris
427 2330 615 2403 Lagomarsini
638 2332 722 2387 libris.
740 2361 776 2375 —-
807 2332 981 2403 dilianator]
1004 2331 1113 2385 additur
1136 2338 1189 2384 aut
1206 2334 1258 2400 qai
1274 2334 1305 2384 ta

263 2419 439 2473 calamitate
454 2412 522 2470 susat
540 2417 567 2469 in
584 2415 634 2486 Lg.
652 2417 678 2470 3.
696 2418 720 2471 4.
739 2416 764 2471 6.
783 2417 824 2471 69.
862 2417 903 2470 lto
920 2434 991 2470 corr.
1010 2416 1052 2470 33.
1287 2426 1290 2432 ·

347 2542 419 2597 LIX.
454 2541 513 2596 336.
551 2541 694 2595 ludantur
711 2545 812 2611 aeque]
830 2542 969 2596 haecum.
987 2540 1038 2612 Lg.
1051 2541 1077 2594 3.
1089 2542 1115 2594 4.
1136 2540 1176 2595 13.
1194 2538 1229 2594 33
1242 2525 1305 2595 add.

262 2629 306 2685 36.
332 2629 384 2682 Gu.
402 2626 426 2680 3.
444 2654 479 2665 —-
510 2624 579 2678 odio
601 2628 721 2697 mayaco]
745 2643 854 2697 mopso
878 2642 931 2680 om.
950 2626 1000 2695 Lg.
1019 2628 1045 2680 6.
1065 2654 1101 2667 -
1129 2628 1233 2696 aeque]
1253 2643 1307 2680 aec

225 2748 241 2773 -,
263 2712 313 2785 Lg.
325 2712 368 2766 31.
387 2710 438 2764 Gu.
454 2708 477 2763 1.
498 2710 558 2764 Ald.
576 2707 645 2765 lunt.
663 2708 740 2764 Mau.
755 2739 790 2749 —
807 2712 956 2777 maxima]
974 2728 1026 2764 om.
1042 2709 1093 2765 Gu.
1106 2711 1132 2765 3.
1145 2740 1179 2751 —-
1199 2715 1231 2764 ia
1246 2709 1305 2778 loia]

262 2798 302 2852 sic
320 2795 416 2866 scripsi
441 2811 475 2847 ex
496 2792 546 2864 Lg.
565 2796 589 2848 4.
608 2794 650 2849 13.
684 2797 716 2848 ia
735 2798 803 2848 istis
825 2795 1003 2865 vulgabatur,
1030 2796 1112 2865 plane
1131 2804 1226 2848 contra
1243 2812 1306 2847 sen·

160 2917 166 2924 -
262 2881 376 2934 tentiam
393 2879 463 2942 loci3
482 2881 522 2932 iia
539 2876 589 2948 Lg.
605 2877 647 2932 36.
678 2881 746 2932 istis
765 2896 818 2932 om.
833 2879 884 2933 Gu.
900 2879 923 2931 l.
942 2910 973 2920 -
992 2877 1065 2939 belle
1079 2879 1211 2952 epitola]
1230 2876 1306 2931 bello

263 2967 379 3035 aptiori
396 2963 448 3017 Gn.
465 2962 490 3016 3.
511 2960 561 3032 Lg.
580 2963 597 3015 3
613 2978 683 3016 corr.
703 2962 744 3018 13.
761 2962 803 3018 to.
838 2966 954 3034 epitasi
970 2964 1051 3019 etiam
1068 2965 1093 3020 4.
1113 2973 1140 3021 et
1155 2962 1203 3015 'hic
1220 2971 1248 3016 et
1266 2962 1306 3015 13.

262 3048 298 3102 33
315 3064 386 3102 corr.
406 3046 449 3100 36.
469 3046 616 3099 uideatur.
1123 3055 1127 3059 ’

260 3176 266 3211 “-
348 3172 408 3227 333.
444 3171 504 3238 est]
530 3188 584 3224 om.
609 3168 658 3242 Lg.
677 3170 703 3224 3.
728 3173 752 3226 4.
779 3170 818 3226 13.
838 3172 879 3228 33.
898 3173 941 3227 36.
967 3172 1018 3227 Gn.
1038 3173 1063 3228 3.
1080 3199 1116 3212 —-
1148 3153 1253 3239 ettam]
1277 3178 1305 3224 et

262 3257 313 3329 Lg.
330 3257 355 3312 3.
375 3257 446 3309 enim
465 3255 505 3309 14.
523 3283 559 3295 -
582 3272 642 3308 aon
658 3256 759 3324 modo]
778 3257 866 3310 modo
885 3249 937 3311 orn.
955 3256 1005 3327 Lg.
1024 3257 1050 3311 3.
1071 3259 1095 3311 3.
1115 3259 1139 3310 4.
1159 3257 1184 3310 a.
1205 3256 1246 3309 13.
1264 3255 1304 3310 33.

262 3343 305 3397 36.
323 3341 366 3394 84.
386 3369 416 3380 -·
437 3341 638 3411 praecipitor]
651 3344 819 3412 percipitur
836 3340 886 3411 ng.
904 3343 929 3394 4.
946 3342 973 3396 6.
990 3370 1025 3380 -
1048 3357 1085 3394 aa
1101 3339 1189 3410 quid]
1208 3340 1306 3409 siquid
1376 3354 1378 3364 ·

241 3425 312 3507 ‚1³3
330 3423 373 3477 65.
391 3423 434 3477 67.
452 3421 494 3476 aa
513 3423 555 3477 81.
574 3424 664 3477 etalii
683 3424 800 3494 quidam.
829 3425 901 3495 qaid
919 3443 971 3479 om.
992 3425 1043 3480 Gu.
1059 3425 1083 3499 3.
1101 3453 1137 3467 —-
1155 3425 1306 3491 mimicus]
1353 3484 1361 3495 .

262 3511 401 3563 tatmtmcs
425 3505 476 3559 Ga.
492 3506 514 3561 1.
528 3507 551 3561 3.
576 3508 646 3562 vict.
669 3509 719 3579 ng.
739 3526 848 3575 omnes3
872 3508 899 3562 in
919 3511 961 3564 76.
984 3510 1064 3564 inscr'.
1082 3513 1209 3562 nimiam
1226 3525 1305 3562 mor-

262 3594 334 3649 dax.
368 3608 388 3644 a
405 3594 535 3644 inimicis
553 3609 604 3662 pro
624 3599 678 3646 aot
695 3597 834 3648 inimicas
852 3594 902 3648 Gu.
918 3594 953 3659 3.‚
971 3594 1021 3647 sed
1039 3598 1052 3648 d
1067 3593 1093 3646 in
1106 3594 1168 3647 loco
1186 3609 1261 3658 raso,
1279 3601 1307 3647 at

262 3685 317 3733 aut
333 3676 473 3730 mimicas
496 3674 607 3728 daturus
631 3676 715 3731 scrisse
735 3678 861 3732 librarius
878 3677 1013 3733 videatur.
1033 3707 1068 3717 —
1095 3677 1305 3749 intellepemus]

259 3762 357 3833 scripsi
377 3777 413 3812 ex
430 3758 480 3831 Lg.
501 3758 540 3813 13.
577 3761 775 3832 tatellcpdmus
793 3763 835 3817 93.
872 3763 1065 3834 iatcldipt‘mas
1085 3763 1109 3816 3.
1131 3762 1165 3817 33
1183 3777 1255 3815 corr.
1273 3764 1311 3800 -’

261 3845 422 3911 vendemus]
445 3842 545 3913 legitur
563 3849 742 3915 casertanum
766 3855 950 3915 praestantem
969 3850 1130 3918 scripturam
1149 3846 1306 3916 suppedito·

261 3939 324 3983 runt
343 3929 394 3983 Gu.
406 3928 430 3982 3.
446 3926 471 3980 3.
489 3926 539 3996 Lg.
553 3927 578 3980 3.
591 3927 615 3979 6.
629 3924 674 3981 13.
690 3929 730 3982 15.
748 3927 787 3981 lo.
803 3927 843 3982 17.
860 3929 902 3984 36.
918 3931 959 3986 31.
975 3931 1016 3986 33.
1031 3932 1072 3988 34.
1089 3931 1131 3985 36.
1149 3929 1192 3986 65.
1206 3931 1248 3984 67.
1263 3929 1304 3984 63.
1371 3970 1373 3977 .
1450 3942 1451 3949 ’

261 4013 305 4065 76.
319 4012 359 4066 73.
373 4010 414 4065 76.
434 4010 477 4063 81.
495 4007 537 4062 84.
556 4009 598 4062 86.
630 4009 832 4083 devenerimus
850 4014 983 4081 quaedam
1001 4015 1063 4067 edd.
1079 4024 1146 4067 vett.
1168 4022 1197 4066 ut
1212 4013 1304 4083 Steplr¹

262 4095 322 4152 Ald.
348 4095 489 4150 Dicitana
505 4107 565 4144 cum
578 4096 726 4150 tractandis
739 4095 914 4150 ridiculorum
925 4098 1070 4169 generibus
1082 4097 1250 4151 intellectum
1264 4098 1303 4151 iri·
1320 4103 1327 4111 '
