2958 4584
272 250 370 370 ω
674 282 931 352 nicanorus

272 456 336 522 sibi
355 451 462 522 indum
482 464 604 542 putatu
629 470 702 520 esse
725 455 767 520 ad
789 455 984 533 discendam,
1012 461 1195 540 magistrum
1217 469 1324 525 annm

273 567 365 661 mom
390 574 486 640 uellet
517 574 665 657 eligeret,
696 593 746 639 me
778 573 902 658 quidem
930 576 958 639 si
987 555 1123 653 audiret,
1157 573 1194 641 L.
1224 575 1324 642 Cras-

274 710 351 758 sum.
395 691 487 769 Quod
513 694 573 756 iste
601 694 732 776 arripuit
757 702 788 757 et
815 694 859 757 ita
881 708 953 757 sese
976 690 1129 757 facturum
1156 693 1323 759 confirma-

273 814 318 878 uit
345 821 438 896 atque
464 811 558 874 etiam
587 808 705 874 addidit
721 811 859 892 gratiae
888 809 1138 875 scilicet‘cansa
1164 832 1213 877 me
1242 830 1323 897 qno-

275 946 334 1015 que
368 928 430 993 sibi
462 930 644 1012 magistrum
677 927 818 1013 iutnmm.
873 925 933 992 Vix
966 948 1065 992 annus
1099 928 1324 995 intercesserat
1386 920 1393 938 ⁸
1451 956 1452 1033 ζ

277 1047 318 1112 ab
345 1046 405 1113 hoo
433 1064 577 1111 sermone
600 1043 823 1111 cohortationis
851 1065 955 1123 meae,
984 1065 1052 1112 cnm
1079 1048 1138 1112 iste
1162 1048 1324 1112 accusavit

278 1163 312 1228 C.
335 1162 516 1230 Norbanum
548 1161 732 1227 defendente
764 1182 822 1227 me.
881 1160 952 1229 Non
984 1173 1033 1229 est
1063 1164 1214 1230 credibile
1229 1156 1232 1166 '
1248 1165 1324 1250 quid

225 1300 229 1305 ·
276 1285 432 1348 interesse
466 1279 541 1345 mibi
569 1281 609 1343 sit
641 1281 742 1344 visum
776 1281 857 1344 inter
885 1300 968 1358 enm.
1002 1283 1055 1367 qni
1086 1292 1149 1347 tum
1177 1292 1258 1360 erat,
1292 1272 1346 1347 et=
1451 1348 1452 1369 ἶ

278 1403 331 1486 qni
366 1418 448 1464 anno
482 1386 553 1462 ante
587 1384 713 1462 fuerat.
762 1393 896 1463 Omnino
933 1401 966 1462 in
999 1398 1078 1464 illud
1114 1418 1213 1484 genus
1251 1419 1323 1464 enm

277 1517 390 1583 Crassi
423 1506 620 1600 magnificum
659 1518 751 1599 atque
783 1515 981 1600 praeclarum
1018 1527 1131 1582 natura
1162 1519 1233 1604 ipsa
1266 1517 1322 1582 dn-

278 1636 387 1714 cebat3
415 1635 473 1700 sed
498 1653 539 1699 ea
559 1653 623 1699 non
650 1633 728 1698 satis
749 1632 899 1719 proficere
926 1635 1091 1720 potuisset,
1122 1636 1185 1699 nisi
1211 1629 1324 1700 eodem

279 1735 389 1820 studio
428 1762 520 1837 atque
563 1752 735 1816 imitatione
773 1750 958 1816 intendisset
1001 1761 1093 1837 atque
1135 1754 1180 1817 ita
1216 1752 1322 1817 dicere

281 2013 308 2065 in
324 2029 358 2065 eo
371 2001 530 2079 exemplari,
543 2008 616 2060 unde
626 2024 677 2062 sua
689 2008 898 2079 descripserunt.
910 2039 945 2048 -
963 2026 1029 2063 eum
1038 2038 1073 2052 —-
1084 2011 1129 2078 ut]
1148 2028 1200 2065 om.
1216 2009 1266 2080 Lg.
1279 2006 1334 2065 39..
1451 2002 1452 2011 ’

282 2113 349 2150 snm
372 2112 425 2148 om.
450 2093 502 2147 ou.
520 2092 544 2145 a.
568 2090 619 2162 ng.
639 2091 663 2145 a.
682 2093 706 2146 n.
728 2093 753 2147 5.
771 2094 795 2146 o.
823 2082 868 2147 rs(
887 2095 927 2147 n.
948 2095 987 2149 ro.
1011 2094 1053 2147 rr.
1072 2095 1113 2148 aa.
1131 2095 1173 2148 un.
1197 2095 1231 2148 au
1251 2111 1320 2148 corr.

255 2205 259 2212 ·
283 2190 312 2234 ut
324 2181 348 2235 3.
361 2179 404 2233 65.
417 2178 457 2232 76.
470 2177 512 2230 73.
523 2176 565 2231 86.
593 2193 659 2229 eum
676 2192 729 2230 om.
743 2177 767 2231 3.
785 2177 824 2231 15.
838 2178 879 2232 96.
891 2180 927 2217 ὲ-
942 2177 1056 2247 forum]
1075 2197 1178 2233 eorum
1192 2179 1243 2233 Gn.
1252 2179 1277 2232 9.
1286 2208 1323 2221 -

283 2262 357 2332 etti]
378 2281 430 2317 om.
448 2262 499 2333 Lg.
517 2262 542 2315 6.
564 2271 626 2333 post
644 2261 745 2315 ludum
763 2263 841 2332 ponit
857 2262 928 2316 vict.
948 2273 1010 2332 post
1023 2271 1149 2336 putaret
1165 2265 1216 2335 Lg.
1233 2264 1275 2317 20.
1290 2255 1321 2306 ἕ-

284 2349 468 2415 discendum]
493 2347 531 2400 sic
547 2345 597 2418 Lg.
617 2364 725 2413 omnes,
749 2346 819 2401 Vict.
839 2348 874 2401 ui.
895 2347 1034 2418 vulgoque
1052 2349 1087 2402 ab
1104 2350 1175 2402 Addo
1194 2350 1229 2402 ad
1247 2348 1323 2414 Ern,

173 2416 184 2429 ¹
282 2442 449 2493 revocarunt
466 2431 529 2486 Sch.
544 2440 571 2485 et
585 2429 671 2503 Oreli.
708 2433 863 2486 dicendum
881 2431 971 2486 Havn.
986 2433 1045 2486 1.9.
1069 2431 1124 2488 Ox.
1136 2434 1170 2488 V.
1195 2434 1246 2487 Gn.
1261 2434 1282 2488 l.
1296 2433 1321 2487 3.

283 2517 515 2591 (Henrichsenins
534 2516 568 2569 de
585 2512 670 2570 tribus
688 2516 843 2586 praedicat,
861 2518 911 2570 sed
929 2518 1015 2586 errat)
1036 2518 1093 2573 Eri.
1114 2520 1136 2573 l.
1160 2519 1221 2572 edd.
1240 2519 1322 2588 antiq.

281 2605 347 2661 Eun.
366 2602 464 2657 Mneil.
480 2600 564 2654 Henr.
587 2599 752 2655 Manifestus
770 2620 851 2655 error
866 2613 921 2668 est;
940 2619 966 2656 u.
984 2603 1121 2673 explicuit.
1149 2604 1205 2656 Sed
1218 2603 1324 2674 Baitios

280 2691 392 2745 insititio
408 2693 486 2758 putat
502 2685 590 2739 verba
606 2685 648 2738 ud
661 2685 840 2742 discendum,
853 2717 889 2727 —
906 2689 1048 2760 nmiyrutt]
1067 2687 1201 2758 adrtqtutt
1217 2687 1267 2757 Lg.
1280 2689 1322 2742 65.

281 2776 324 2830 67.
344 2775 384 2827 76.
404 2772 445 2824 73.
468 2768 511 2823 86.
529 2797 565 2811 —-
597 2771 671 2837 sese]
696 2771 803 2824 divisim
824 2771 873 2842 Lg.
892 2772 934 2826 63.
952 2772 995 2826 93.
1031 2789 1062 2823 se
1083 2770 1132 2842 Lg.
1159 2771 1260 2824 1415.
1282 2771 1322 2827 16.

282 2858 324 2914 90.
343 2857 385 2911 91,
404 2856 446 2910 93,
466 2854 507 2907 94.
531 2854 572 2909 36.
590 2854 632 2908 65.
650 2856 692 2909 67.
714 2856 755 2909 76.
773 2856 815 2911 73.
835 2854 876 2911 76.
894 2856 937 2909 81.
954 2856 996 2911 86.
1016 2886 1050 2894 -—
1074 2856 1177 2922 etium]
1199 2872 1252 2910 om.
1271 2856 1321 2928 Lg.

284 2943 324 2996 15.
342 2970 377 2982 -
404 2933 544 3006 addidit}
560 2939 611 3009 hg.
630 2938 655 2992 9,
677 2941 701 2993 4.
722 2940 761 2994 13.
781 2940 815 2993 94
833 2958 904 2994 corr.
924 2941 965 2996 39.
984 2940 1054 2994 vict.
1078 2939 1129 2994 Gn.
1145 2939 1169 2994 3.
1188 2969 1224 2980 -
1250 2940 1323 3008 scot]

283 3045 336 3082 om.
352 3016 402 3096 L'g.
415 3024 454 3079 17.
471 3033 534 3095 post
546 3027 724 3094 maniatium
737 3026 814 3094 ponit
825 3024 867 3079 69.
880 3025 922 3080 93.
937 3057 967 3066 -
987 3026 1150 3093 accusauit]
1169 3025 1324 3080 udeusnoit

283 3112 331 3183 Lg.
349 3110 393 3165 65.
410 3108 453 3164 67.
477 3108 518 3162 76.
538 3109 578 3161 73.
598 3135 635 3148 —
668 3108 698 3162 C.
718 3109 903 3178 Norbanum]
932 3110 967 3174 Q.
987 3109 1160 3165 Norbanum
1177 3109 1227 3182 ng.
1246 3113 1270 3165 4.
1289 3141 1323 3152 -

282 3197 373 3264 orsus]
391 3198 488 3249 uisum
507 3193 558 3247 Gn.
571 3193 595 3247 3.
609 3196 744 3262 —-“onte]
763 3201 853 3271 antea
871 3192 920 3266 ng.
941 3196 965 3249 3.
984 3196 1022 3248 lto
1040 3213 1109 3249 corr.
1125 3196 1166 3250 39.
1181 3224 1218 3236 ——
1237 3195 1323 3263 illud]

283 3282 317 3335 ut
332 3280 383 3352 ng.
404 3276 503 3331 malt.
522 3277 564 3332 93.
585 3277 625 3332 76.
663 3280 747 3333 illum
766 3279 800 3332 39
817 3298 887 3334 corr.
924 3281 1005 3333 istud
1023 3268 1065 3334 652
1090 3290 1154 3334 ante
1172 3280 1199 3333 id
1219 3284 1251 3333 tn
1269 3298 1323 3334 om.

283 3366 335 3419 Gn.
354 3365 432 3419 3.’--
461 3364 539 3430 eunt]
562 3380 628 3416 cum
651 3363 702 3418 Gn.
721 3364 796 3418 3.-
827 3362 880 3418 sed
897 3365 950 3433 en]
975 3365 1028 3418 sed
1051 3364 1092 3417 ad
1115 3381 1151 3417 ea
1176 3364 1226 3418 Gn.
1248 3365 1271 3418 l.
1289 3395 1323 3406 -—

278 3449 437 3523 proficere]
455 3446 601 3519 perficere
624 3448 723 3503 vitiose
745 3448 796 3504 Gn.
818 3449 841 3504 l.
860 3449 884 3503 3.
911 3449 961 3520 ng.
981 3466 1074 3502 omues
1094 3459 1204 3518 praeter
1225 3448 1264 3502 13.
1281 3448 1323 3503 84.

284 3544 311 3589 et
329 3533 363 3588 39
377 3550 418 3604 pr.
433 3545 483 3598 m.;
501 3549 564 3584 nam
582 3533 702 3585 secunda
720 3532 755 3586 ad
772 3534 846 3586 ilium
863 3535 973 3587 modum
991 3534 1119 3587 correxit.
1157 3533 1205 3587 Eu
1222 3532 1325 3592 librarii

283 3618 467 3673 accusativum
486 3634 546 3670 esse
565 3626 700 3688 putarant.
719 3648 754 3658 -
784 3619 974 3686 intendisset]
1000 3634 1094 3671 omnes
1112 3627 1180 3687 puto
1199 3617 1260 3672 libri
1281 3622 1325 3671 tn-

283 3704 416 3765 cidtsset‚
433 3718 495 3754 nam
510 3701 579 3759 duos
592 3702 654 3755 illos
667 3702 871 3771 Lambiuianos‚
886 3706 931 3772 qni
945 3704 1060 3757 aiterum
1074 3701 1178 3756 lrabere
1192 3704 1327 3767 dicuntum·

184 3846 187 3851 .
284 3797 362 3843 extra
380 3788 439 3840 eins
456 3786 591 3856 ingenium
609 3803 665 3840 non
684 3788 821 3841 exstitisse
832 3806 998 3860 persuasum
1015 3787 1114 3842 babeo.
1152 3786 1325 3840 intendisset

282 3868 359 3926 Med.
381 3872 406 3925 9.
426 3888 478 3940 mg.
504 3868 577 3923 Crat.
603 3869 764 3943 AsoMan.
785 3859 879 3927 thmb.
905 3883 932 3927 et
951 3873 1035 3944 vulgo
1054 3882 1118 3949 post
1133 3869 1342 3937 Ermsidque·

282 3957 405 4020 retineo,
428 3952 502 4022 qnod
525 3954 655 4006 incidere
677 3972 728 4024 pro
753 3956 918 4010 incumbere
942 3958 983 4011 ud
1001 3956 1117 4027 aliquid
1139 3973 1195 4009 nou
1216 3954 1326 4007 videtur

283 4039 344 4093 dioi.
376 4032 537 4106 incepisset
554 4053 622 4089 nnus
639 4038 699 4091 cod.
719 4037 852 4104 Lambini,
869 4040 918 4110 Lg.
932 4041 974 4095 93.
989 4041 1031 4096 ed.
1047 4060 1068 4095 s.
1084 4043 1100 4095 Ι.
1120 4049 1146 4094 et
1160 4056 1184 4092 a.
1210 4037 1288 4092 Med.
1299 4039 1323 4092 1.
1355 4080 1366 4093 .

285 4118 352 4177 Veu.
388 4118 567 4174 incubuisset
590 4120 632 4174 ed.
651 4120 898 4190 Lipsj'Tbanneri,
922 4124 996 4178 Lott.
1020 4125 1112 4195 itaque
1136 4124 1207 4178 coni.
1228 4122 1324 4177 Lamb.
