2938 4590
223 279 224 282 ‘
259 271 355 383 m
656 300 935 369 cressonis

259 484 378 542 menter
394 480 536 557 agonem,
551 472 717 537 contrariis
734 469 991 539 commotionibus
1005 474 1026 550 †
1039 471 1206 539 inferenda
1222 484 1303 551 sunt,

228 644 236 649 .
259 604 292 659 ut
314 591 386 658 odio
408 587 638 664 benevolentis,
659 598 692 653 nt
713 588 932 661 misericordia
952 589 1073 655 invidia
1093 589 1230 655 tolletur.

344 703 423 770 LIV.
467 703 583 769 Suavis
610 714 712 770 antem
739 715 787 771 est
814 715 845 771 ct
870 704 1070 772 vehementer
1095 706 1305 792 saepe-utilis

260 828 349 891 iocus
376 833 407 888 et
428 823 579 898 facetiae,
608 841 702 906 quae,
730 823 825 886 etiam
849 824 880 901 si
909 822 975 887 alia
1001 825 1107 888 omnia
1131 822 1213 913 trsdi
1235 833 1320 888 arbe.

260 950 403 1028 possum,
435 948 565 1004 salmas
593 949 663 1003 sunt
689 941 816 1025 propria
842 949 926 1005 certe
953 959 1054 1024 neque
1080 938 1179 1004 ullam
1206 949 1305 1005 artem

261 1057 451 1124 desiderant.
484 1054 520 1120 ln
542 1055 657 1141 quibus
675 1065 707 1120 tu
728 1054 822 1140 longe
846 1056 920 1121 aliis
942 1058 1199 1134 mosomensis,
1222 1055 1304 1121 Gae-

261 1195 330 1252 sar,
359 1150 510 1250 excellis3
543 1192 604 1258 quo
631 1174 733 1256 magis
763 1171 838 1237 milri
873 1175 967 1238 etiam
998 1175 1086 1238 testis
1115 1193 1188 1239 esso
1213 1184 1304 1259 potes

263 1303 315 1360 aut
336 1291 455 1357 nullam
477 1309 549 1354 esse
573 1299 670 1354 artem
693 1288 772 1354 salis
795 1300 861 1366 aut,
883 1291 914 1355 si
933 1300 1078 1376 quaest,
1101 1310 1171 1356 cam
1193 1310 1251 1355 nos
1272 1300 1306 1354 tn

261 1411 454 1496 potissimum
477 1405 616 1472 docebis.
660 1406 733 1472 217.
759 1403 828 1490 Ego
850 1426 941 1484 uero,
963 1409 1075 1492 inquit,
1103 1409 1185 1473 omni
1209 1404 1247 1470 de
1269 1427 1304 1471 re

157 1542 163 1551 ’
262 1525 389 1592 facilius
420 1533 492 1609 polo
524 1542 597 1587 esse
630 1521 670 1586 ab
703 1522 827 1589 homine
859 1543 923 1588 non
953 1523 1107 1588 inurbane
1141 1542 1233 1609 qnam
1266 1522 1305 1587 de

106 1634 109 1641 ’
262 1644 341 1729 ipsis
373 1641 497 1706 lacellis
530 1638 690 1725 disputari.
744 1637 851 1724 Itaque
883 1659 964 1726 cum·
984 1640 1135 1725 quosdam
1164 1636 1307 1704 Graecos

263 1760 430 1844 inscriptos
456 1756 556 1820 libros
579 1775 651 1825 esse
678 1754 828 1820 vidissem
857 1756 895 1822 de
912 1756 1075 1853 ridiculis,
1103 1775 1167 1821 non
1187 1754 1307 1820 nullam

221 1922 223 1926 ψ
264 1880 297 1941 in
323 1894 410 1960 spem
434 1891 582 1938 veneram
609 1891 704 1957 posse
727 1891 775 1937 me
804 1871 913 1939 enhis
939 1872 1058 1958 aliquid
1080 1872 1213 1965 discere.
1255 1869 1308 1935 ln-

263 2104 306 2159 65.
322 2104 363 2157 76.
391 2100 624 2155 commotionibus
641 2102 683 2156 69.
701 2102 744 2156 81.
765 2134 795 2143 -
821 2102 978 2172 inserendo
996 2106 1080 2172 sont]
1099 2106 1138 2159 sic
1154 2104 1217 2158 libri
1231 2103 1307 2156 multi

264 2195 292 2240 et
310 2187 383 2256 vulg.
401 2185 478 2249 edd.;
498 2185 648 2254 efferenda
664 2186 730 2241 VSt.
750 2186 847 2240 Mead.
867 2187 942 2241 Harl.
960 2188 982 2242 l.
999 2188 1022 2243 9.
1045 2189 1075 2242 Z.
1089 2197 1113 2254 β.
1128 2190 1153 2242 cl.
1174 2207 1226 2258 mg.
1247 2185 1307 2242 llrl,

264 2272 304 2341 (ln
317 2279 394 2323 textu
411 2268 480 2322 baec
498 2278 526 2321 et
540 2270 635 2338 priora
649 2287 666 2322 o
676 2269 741 2323 vbb.
758 2274 789 2323 in
800 2277 984 2325 contrariom
1003 2274 1102 2326 omissa
1113 2273 1197 2339 sunt),
1216 2272 1267 2324 Gn.
1279 2270 1304 2327 3.

264 2355 314 2426 ng.
335 2371 430 2407 omnes
452 2362 562 2422 praeter
585 2353 626 2407 96.
651 2353 693 2408 35.
718 2355 759 2408 36.
786 2354 828 2410 69.
852 2355 893 2410 76.
917 2356 958 2411 81.
979 2356 1022 2410 84.
1058 2374 1096 2410 es
1111 2355 1239 2425 ferendo
1262 2355 1305 2409 36.

264 2439 419 2509 offerendo
441 2436 482 2492 76.
519 2436 684 2505 auferendo
706 2437 748 2491 96.
781 2439 814 2492 V.
834 2439 1039 2509 explicationes.
1071 2440 1176 2494 Bokius
1198 2440 1308 2493 coniicit
1380 2494 1392 2514 Ι

265 2523 429 2593 informetis
444 2521 528 2590 fiunt.
548 2552 580 2562 -
610 2528 644 2575 ut
660 2523 880 2597 misericordia]
903 2532 936 2576 nt
959 2542 1019 2577 cnm
1037 2523 1127 2596 figura
1147 2523 1308 2594 anaphoras

239 2607 424 2679 ,inseruimus
451 2623 484 2659 ex
509 2605 559 2675 Lg.
586 2615 695 2675 praeter
716 2608 742 2660 6.
765 2606 807 2660 94.
825 2607 869 2661 69.
890 2606 932 2663 81.
951 2607 985 2662 93
1003 2609 1143 2674 omnibus,
1167 2608 1218 2662 Gn.
1237 2607 1263 2662 9.
1280 2607 1306 2663 3.

181 2699 186 2704 ’
265 2699 319 2747 aut
336 2695 404 2745 mis.
422 2691 464 2744 94.
502 2690 618 2743 invidio
636 2708 688 2747 orn.
707 2689 749 2743 90.

351 2807 423 2860 LlV.
460 2814 489 2859 et
505 2806 699 2879 vehenmenter]
718 2813 751 2861 ut
768 2806 877 2862 oclscm.
901 2807 952 2879 Lg.
969 2809 994 2862 9.
1014 2810 1038 2863 4.
1059 2809 1098 2864 13.
1120 2810 1243 2864 396011.
1262 2808 1305 2862 36.

265 2882 363 2947 (16.3.
398 2889 550 2944 vehemens
574 2891 624 2962 hg.
648 2892 673 2946 9.
698 2882 729 2945 4.
747 2918 782 2930 -
814 2896 907 2944 ctiam
930 2894 974 2961 sl]
1003 2893 1110 2946 divisim
1134 2894 1184 2965 Lg.
1212 2910 1308 2946 omnes

265 2985 377 3049 praeter
396 2975 437 3029 13.
455 2974 510 3040 oo,
531 2975 557 3027 in
577 2976 674 3044 quibus
695 2982 735 3028 est
752 2981 837 3049 8661
856 2976 907 3041 17„
925 2977 952 3028 in
971 2993 1024 3044 quo
1043 2996 1097 3034 oni.
1117 2983 1225 3041 ellom5
1243 2968 1308 3031 item

265 3062 317 3116 Gn.
332 3060 357 3114 3.
375 3059 497 3113 11166-
514 3059 620 3127 ullam]
638 3058 751 3112 nullom
769 3058 817 3128 Lg.
832 3060 855 3113 4.
869 3087 906 3099 —-
924 3062 968 3128 tu]
988 3078 1040 3114 orn.
1056 3061 1104 3132 ng.
1121 3064 1146 3117 4.
1161 3091 1197 3103 —
1214 3065 1308 3114 eliam

266 3146 362 3212 lestis]
387 3146 479 3196 ctiam
503 3149 555 3194 aret
579 3145 663 3195 testis
693 3141 743 3213 hg.
766 3142 791 3194 9.
816 3144 841 3196 4.
868 3143 907 3197 13.
932 3144 1057 3201 396011.
1080 3146 1122 3201 36.
1155 3147 1248 3200 (sies.
1275 3177 1308 3187 -

265 3236 361 3282 artem
379 3228 465 3294 solis]
484 3231 587 3281 artem.
597 3229 673 3278 sotis
690 3226 740 3296 ng.
754 3226 771 3278 9
783 3244 810 3281 v.
825 3244 850 3280 u.
866 3236 883 3280 t.
905 3227 944 3281 13.
958 3228 997 3284 ,39
1010 3246 1078 3284 corr.
1107 3234 1183 3283 solis
1200 3237 1266 3283 orde
1280 3231 1306 3284 4.
1367 3258 1386 3275 ⁷-

265 3319 331 3365 orte
354 3313 435 3364 etiam
460 3309 511 3362 Gn.
530 3311 556 3363 3.
578 3308 628 3380 Lg.
646 3309 687 3364 39.
722 3314 798 3363 artis
821 3311 864 3364 65.
881 3340 916 3350 —-
944 3330 1012 3365 eam
1034 3315 1099 3380 nos]
1123 3331 1178 3367 nos
1203 3322 1308 3384 ponunt
1374 3342 1380 3347 -

264 3402 328 3466 post
345 3393 479 3454 docebis,
499 3394 573 3462 quood
588 3393 692 3447 docere
709 3395 839 3464 scripturn
858 3394 1001 3462 exhibent,
1027 3397 1078 3453 Gn.
1096 3397 1122 3452 3.
1146 3397 1195 3468 Lg.
1214 3414 1309 3449 omnes

266 3488 377 3548 praeter
388 3477 430 3531 35.
445 3476 486 3530 69.
500 3476 543 3530 81.
557 3477 600 3531 86.
615 3477 669 3545 93.
687 3485 719 3531 to
734 3478 818 3532 nobo
833 3485 895 3550 pol.
916 3479 966 3534 Gn.
983 3481 1006 3535 l.
1020 3483 1086 3549 (orn.
1101 3484 1181 3548 eom)
1200 3481 1249 3551 [ις.
1264 3479 1307 3535 35:

174 3614 176 3621 ,
265 3560 307 3615 69.
329 3559 362 3613 81
387 3559 426 3626 (ls
444 3564 617 3630 potissime)
640 3561 683 3616 93.
716 3568 873 3634 potissime
896 3564 976 3616 ellam
1000 3566 1024 3619 4.
1051 3565 1091 3619 15.
1116 3565 1158 3619 86.
1194 3563 1252 3623 Pro
1276 3571 1310 3617 tac

265 3643 315 3715 Lg.
341 3644 366 3698 4.
391 3649 460 3706 tuo,
484 3644 525 3698 94.
551 3646 593 3699 79.
614 3646 657 3701 86.
694 3653 773 3712 tom,
803 3649 905 3720 primus
934 3665 1004 3704 corr.
1030 3648 1115 3704 scobis
1140 3648 1259 3703 docebis
1281 3649 1308 3705 6.

145 3735 148 3738 ’
266 3728 420 3800 Suspiceris
439 3727 545 3782 docere
556 3734 681 3800 poteris.

351 3845 411 3898 917.
447 3849 542 3914 inquit
566 3846 687 3915 Cacsar]
723 3847 835 3901 Caesar
862 3865 915 3902 om.
941 3848 992 3919 Lg.
1021 3865 1115 3903 omnes
1139 3859 1251 3920 prseter-
1271 3850 1309 3916 6.,

264 3930 329 3982 llcm
349 3928 401 3982 Gn.
419 3927 442 3984 l.
461 3928 485 3982 9.
504 3929 529 3984 3.
554 3947 581 3984 v.
600 3931 797 4000 explicationes
818 3932 891 3986 adl.
911 3932 959 3998 96,
976 3933 1019 3987 89.
1037 3963 1072 3973 -
1103 3938 1186 3987 omni
1208 3935 1245 3988 dc
1264 3934 1309 4001 re]

252 4012 304 4064 'de
321 4015 402 4064 omni
417 4028 450 4063 re
471 4009 590 4082 Lg.81.!
611 4012 648 4065 de
671 4031 724 4067 om.
742 4015 768 4068 6.
787 4044 822 4053 -
849 4014 981 4083 facilins
991 4019 1157 4088 puto-esse]
1181 4019 1310 4095 nrdgocur

265 4093 394 4163 facetius
412 4100 487 4164 poto
507 4110 607 4164 posse.
648 4096 706 4150 Sed
729 4096 860 4166 facetius
889 4098 954 4152 mibi
982 4100 1103 4170 ineptum
1133 4108 1161 4154 ot
1182 4101 1335 4176 frigidum⁴
