2876 4612
937 95 947 125 1

344 328 404 394 DE
432 319 885 395 onustissimum.
907 326 959 392 43.
1074 322 1171 408 Ml

127 492 171 565 e'x
187 497 352 586 'piuribus
383 487 587 582 interposui,
617 491 876 560 translationibus
907 512 1051 561 connexo
1077 462 1172 564 sonti

127 616 210 682 haec
234 626 353 693 nutem,
382 618 463 698 quae
491 621 543 677 aut
568 613 728 677 immutata
748 631 821 677 esse
844 611 908 676 dixi
935 622 988 676 out
1010 612 1103 678 utitor
1124 616 1173 679 in-

126 706 321 816 tellogende.¹
341 748 379 796 ae
406 731 599 806 dicerentur,
632 738 702 803 suut
727 724 883 794 translata
908 728 1043 813 quodam
1069 731 1171 796 modo.
1281 742 1288 765 '

129 850 203 916 170.
229 847 278 914 Ita
297 847 342 925 tit,
370 857 402 911 ut
420 849 529 912 ‘omms
556 845 748 928 singulorum
767 845 935 938 uerborum
954 848 1052 911 uirtus
1080 858 1172 933 atque

127 967 201 1031 leus
225 965 325 1029 tribus
357 952 558 1028 exsistatcx
583 961 697 1027 rebus:
731 964 760 1027 si
790 971 842 1027 aut
867 971 1018 1027 uetustum
1044 964 1173 1029 uerbum

129 1086 185 1159 sit,
213 1081 295 1167 quod
320 1090 425 1144 tamon
446 1078 636 1144 consuetudo
663 1078 748 1144 ferre
767 1081 885 1165 possit3
913 1089 965 1144 aut
984 1080 1100 1145 tactum
1120 1081 1174 1150 vel

129 1200 347 1266 coniunctione
372 1195 423 1262 vei
449 1175 602 1274 novitate,
629 1197 663 1260 in
690 1214 751 1281 quo
776 1197 851 1260 item
871 1206 926 1261 est
947 1197 1074 1265 omibus
1097 1218 1174 1264 oon-

130 1315 348 1399 suctudiniquc
372 1312 581 1400 parcendum
613 1323 666 1378 aut
692 1311 892 1390 translatum,
925 1314 1008 1398 quod
1039 1317 1173 1385 inaximo

11 1431 21 1446 ⁸
128 1443 278 1518 tanquam
304 1429 405 1496 stellis
428 1429 613 1515 quibusdem
639 1437 727 1495 notat
752 1439 783 1494 et
808 1429 962 1495 illuminat
989 1432 1186 1499 orationem..

130 1550 204 1616 171.
218 1538 365 1634 Sequitur
379 1549 570 1613 continuatio
581 1545 756 1625 verborum,
773 1566 853 1632 quac
870 1548 948 1612 dues
963 1568 1015 1613 res
1030 1551 1174 1627 manime,
1219 1602 1222 1609 .
1253 1524 1259 1533 Γ

132 1650 371 1733 collocutionem
386 1667 526 1755 prinpum,
544 1662 656 1728 deinde
672 1662 796 1728 modum
812 1665 966 1749 quendam
981 1665 1175 1752 formamque

131 1784 300 1873 desideret.
345 1779 572 1873 Collocationis
594 1789 643 1844 est
668 1799 853 1866 componere
879 1792 910 1847 et
935 1792 1055 1849 struere
1076 1783 1176 1849 uerbo

132 1904 190 1980 sic,
212 1870 343 1965 nt‘neve
364 1917 460 1985 ¹asper
480 1917 588 1963 eorum
608 1917 779 1964 concursus
800 1919 879 1965 neve
900 1898 1023 1965 hiulcus
1045 1903 1095 1978 sit,
1118 1901 1175 1966 sed

131 2019 268 2104 quodam
285 2015 377 2081 modo
390 1992 628 2099 coaugmentatus
650 1994 681 2080 et
695 2013 785 2083 leuis.
816 2013 853 2080 ln
869 2035 931 2103 quo
946 2010 1050 2104 lepide
1069 2019 1174 2113 soceri

130 2253 213 2307 litero
235 2253 248 2303 i
270 2241 469 2321 praepositioni
491 2244 616 2331 edhcesit
650 2238 808 2301 imminuto
831 2247 873 2304 73.
897 2276 934 2292 ·-
964 2249 1174 2320 iutelteyenda]

132 2336 184 2406 lug.
204 2335 244 2388 13.
263 2333 305 2385 16.

131 2422 135 2497 ᾖ
221 2433 279 2486 170.
313 2430 442 2500 factum]
461 2429 498 2483 de
515 2446 589 2485 nouo
605 2429 723 2498 foetum
745 2429 795 2500 bg.
812 2432 837 2485 3.
856 2432 882 2487 4.
900 2430 926 2485 6.
946 2431 987 2486 15.
1008 2431 1051 2486 14.
1069 2430 1111 2489 67.
1131 2432 1174 2487 (tu.
1228 2486 1233 2501 1

132 2520 176 2581 86.
195 2517 238 2572 63.
264 2517 303 2569 ito
319 2532 389 2568 corr.
408 2514 433 2569 1.
468 2512 585 2582 facttum
605 2530 711 2566 nouum
732 2513 775 2566 84.
801 2513 896 2568 (16.1.
916 2543 952 2555 -
979 2516 1176 2587 parcendum]

128 2601 300 2678 parendum
321 2597 372 2668 Lg.
396 2599 420 2651 4.
444 2596 485 2652 14
509 2595 552 2652 69.
575 2596 636 2663 93,
665 2607 694 2650 ut
715 2599 839 2661 correxit
861 2598 1025 2666 Lambinus,
1049 2600 1176 2669 proiecto
1201 2616 1208 2623 “

125 2688 206 2743 uano
229 2687 305 2740 mole.
322 2711 358 2725 —-
387 2681 493 2755 stellis]
517 2685 549 2735 tn
572 2682 665 2735 stellis
688 2681 740 2735 Gn.
759 2680 785 2736 3.
803 2711 839 2722 -
866 2689 953 2736 notat
975 2693 1004 2755 et
1026 2682 1178 2738 illuminat

135 2770 313 2835 orationem]
341 2768 454 2820 servavi
477 2772 616 2835 receptum
637 2764 783 2843 tectionem
807 2767 930 2836 quamvis
957 2768 985 2820 in
1008 2768 1063 2821 elie
1085 2768 1178 2825 omnin

73 2854 75 2861 ’
133 2852 337 2911 discedentibus
364 2851 440 2903 libris
470 2849 636 2904 melioribus.
685 2848 796 2919 Quippe
824 2849 956 2907 illustrat
983 2858 1013 2904 et
1037 2849 1178 2907 nobilitat

133 2941 185 3009 ng.
204 2939 230 2991 1.
247 2936 272 3000 3.
292 2936 316 2988 4.
333 2934 358 2988 6.
385 2932 426 2985 15.
443 2932 487 2985 14.
502 2933 546 2986 67.
562 2931 604 2986 84.
641 2931 772 2987 illustrat
790 2941 820 2987 et
838 2940 925 2988 notat
943 2935 984 2989 13.
1003 2934 1038 2988 31
1056 2953 1126 2989 corr.
1148 2944 1177 2989 nt

134 3023 160 3076 1.
173 3021 215 3075 36.
236 3020 288 3072 Gu.
302 3019 328 3072 3.
357 3015 532 3070 Illumtnare
548 3016 645 3070 lectius
657 3016 776 3083 videtur,
786 3034 874 3086 ¹quem
892 3019 1052 3083 illustrare,
1070 3026 1177 3087 notare

134 3113 226 3159 nutem
247 3102 327 3156 alteri
346 3100 434 3154 verbo
458 3101 587 3170 postponi
608 3116 662 3155 uon
681 3102 784 3170 potuit,
809 3103 873 3170 qnia
891 3111 955 3156 oute
973 3104 1038 3174 quid
1055 3113 1176 3170 notetur,

135 3187 235 3242 deinde
251 3185 409 3239 iliustretur.
427 3211 463 3225 ·-
482 3189 570 3251 notet
588 3190 617 3237 et
632 3183 766 3247 illustrat
784 3185 835 3241 Gu.
855 3186 881 3239 1.

131 3316 135 3319 -
177 3328 179 3331 .
215 3275 280 3341 171.
315 3286 460 3352 manime]
480 3293 544 3353 post
562 3283 786 3338 coltocattottem
803 3286 914 3356 ponitur
930 3287 958 3339 in
971 3285 1022 3355 Lg.
1037 3287 1061 3339 4.
1077 3286 1117 3341 13.
1135 3280 1176 3341 16.

134 3373 176 3429 36.
192 3372 238 3426 iio.
265 3371 316 3424 Gu.
335 3370 360 3425 3.
379 3398 415 3408 -
441 3367 676 3436 concoctionem]
701 3370 890 3424 collationem
913 3387 935 3422 s.
953 3369 1060 3422 comat.
1078 3360 1130 3440 ing„
1149 3370 1176 3425 3.

134 3458 160 3511 6.
178 3456 221 3509 14.
237 3453 279 3509 31.
297 3453 341 3507 ui.
366 3451 418 3506 Gn.
438 3451 462 3506 1.
481 3478 517 3494 ν·-
546 3452 763 3520 collocattonto]
784 3451 952 3525 collationis
974 3451 1026 3522 Lg.
1044 3440 1112 3509 1.’6.
1131 3454 1175 3510 67.

134 3537 230 3593 (16.3.
251 3567 281 3576 -
312 3536 436 3603 struere]
455 3541 625 3590 centrum
642 3535 695 3606 Lg.
711 3535 736 3590 1.
766 3542 897 3589 statuere
915 3536 941 3590 6.
969 3540 1116 3593 instrucre
1132 3539 1175 3595 11.

54 3691 56 3703 Ι
136 3620 177 3676 76.
194 3650 229 3660 -
254 3634 342 3691 asper
360 3621 476 3687 comm}
492 3624 629 3693 asportor
646 3618 695 3688 hg.
710 3619 736 3672 1.
748 3620 773 3674 4.
795 3619 835 3673 13.
853 3619 895 3674 14.
914 3619 967 3685 tu,
985 3620 1059 3690 quod
1076 3640 1128 3692 per
1143 3640 1175 3678 se

135 3705 236 3759 bouum
262 3703 313 3757 scd
336 3719 372 3755 ex
393 3702 520 3757 conflatis
544 3704 651 3757 duobus
673 3703 814 3756 vocubulis
839 3712 928 3757 ortuum
950 3712 1006 3759 est:
1037 3722 1116 3775 quem
1139 3707 1176 3761 ud

136 3789 244 3846 moduni
266 3785 347 3840 etiem
370 3790 557 3857 asperiorum
579 3794 669 3840 exstat
692 3778 720 3840 in
737 3785 788 3858 hg.
806 3788 840 3842 31
858 3805 891 3842 v..
903 3805 930 3842 u.
950 3797 968 3842 t.
985 3818 1021 3829 -·
1048 3788 1175 3859 tuum]

137 3872 238 3926 letatus
251 3870 337 3941 spu
362 3871 455 3934 ulcus,
473 3870 595 3941 tyotoor
611 3870 708 3924 celtes
722 3871 839 3939 quidem,
855 3871 911 3927 hoc
924 3874 1032 3941 quidem
1044 3873 1176 3929 (16.3.-

138 3957 219 4024 teoto]
236 3956 291 4021 sic,
309 3971 367 4008 non
384 3971 421 4007 ae
436 3954 502 4008 xvi
520 3955 599 4010 codd
618 3955 671 4008 mei
689 3956 823 4024 bouiqne;
842 3957 917 4011 [ente
933 3957 961 4011 X
977 3956 1045 4026 bg„
1062 3968 1176 4021 quocum

136 4041 223 4095 bonus
241 4046 284 4092 est
300 4039 325 4093 4.
344 4065 380 4083 ·-
410 4042 508 4092 soceri
525 4044 586 4092 met
597 4040 741 4112 persona]
764 4044 797 4094 tn
819 4042 893 4109 qnod
909 4041 975 4094 Bru.
995 4055 1030 4090 ex
1047 4035 1105 4090 Eri
1128 4032 1176 4087 ud·

136 4126 218 4193 didit,
241 4123 321 4179 codd
345 4138 442 4178 omnes
459 4122 522 4180 edd.
540 4123 612 4179 Ven.
623 4132 660 4179 ot
676 4133 785 4179 ceterae
804 4125 877 4181 inde.
890 4123 925 4179 ob
939 4120 1017 4178 ¹dido
1032 4120 1174 4188 ignoreutr
1212 4122 1222 4132 '
