2958 4584
266 265 370 361 ’κο
636 223 899 366 :crabronis
951 369 953 372 ‚

265 454 440 541 generatim
471 462 687 539 quaereretur,
722 453 784 522 hoo
813 455 927 521 nodo:
964 452 1187 542 Expetendane
1227 470 1312 528 esset

266 573 470 658 eloquentiat
494 566 699 657 expetendine
720 570 882 639 honorent
908 582 1026 639 certum
1048 550 1165 653 autem,
1194 578 1232 642 in
1249 598 1311 664 quo

265 690 342 777 qnid
362 692 400 755 'in
425 689 570 775 personis
598 697 629 754 et
655 690 688 753 in
709 691 882 755 'constituta
907 710 942 755 re
969 700 1000 755 et
1026 690 1154 757 definito
1180 713 1315 779 quaere-¹

266 817 370 886 retur3
403 805 601 881 cuiusmodi
629 816 712 884 sunt,
745 826 826 892 quae
857 808 889 871 in
915 807 985 874 foro
1014 819 1105 894 atque
1139 812 1173 875 in
1198 814 1314 891 civium

267 927 374 993 causis
386 923 728 1009 ‘disceptationibusque
749 934 923 990 versantur.
966 923 1018 990 43.
1031 924 1090 991 ,Ea
1111 927 1188 993 milri
1203 903 1317 995 viden-¹

264 1054 316 1111 tur
342 1051 395 1107 aut
416 1043 448 1105 in
469 1041 524 1105 lite
547 1041 668 1106 oranda
689 1050 742 1106 aut
763 1040 797 1105 in
818 1041 953 1107 oonsilio
969 1042 1078 1109 ‘dando
1102 1064 1174 1110 esse
1196 1048 1310 1132 posita.

265 1147 346 1227 llam
372 1158 451 1224 illud
471 1159 608 1235 tertium,
635 1157 719 1243 quod
742 1167 776 1224 'et
797 1178 818 1224 a
840 1157 957 1225 (lrasso
978 1170 1094 1225 tactum
1116 1172 1179 1240 est,
1207 1173 1252 1241 at,
1279 1173 1312 1229 ut

266 1278 376 1354 audio,
401 1275 458 1341 ille
480 1274 773 1389 ips'eAristoteles‘,
801 1277 855 1362 qui
875 1275 955 1343 haec
977 1281 1110 1344 maxime
1133 1279 1311 1359 illustravit,

267 1395 415 1470 adiunxit,
438 1394 532 1457 etiam
554 1394 583 1456 si
599 1411 676 1478 opas
692 1396 749 1470 ast,
771 1395 873 1489 minus
892 1394 1066 1461 esttamen
1086 1399 1310 1479 necessarium
1354 1421 1364 1427 ·

267 1512 445 1592 Quidnaml
472 1511 570 1594 inquit
591 1506 730 1586 Catulus,
752 1529 794 1575 an
814 1509 1036 1579 laudationest
1058 1513 1092 1581 id
1112 1515 1194 1580 enirn
1215 1515 1310 1582 video
1409 1600 1413 1615 Ι

265 1633 347 1718 poni
360 1648 459 1714 genus
480 1630 612 1693 tertium.
683 1640 686 1644 ’
742 1630 744 1635 ’
1276 1650 1278 1654 ·

265 1855 382 1921 propter
404 1863 538 1918 personas
562 1847 653 1915 ipsas,
677 1861 748 1915 quae
767 1847 794 1900 in
813 1863 846 1900 eo
864 1857 1025 1915 versantur,
1051 1848 1087 1902 de
1109 1865 1163 1917 quo
1181 1849 1313 1920 loquendi

266 1950 369 2006 genere
386 1932 486 1985 dictum
503 1930 575 1984 adl.
597 1930 644 1996 15,
663 1929 712 1995 653
733 1941 760 1984 et
778 1932 890 1986 ablativi
909 1934 1043 1986 rationem
1062 1933 1216 1988 absolutum
1234 1934 1312 2003 sequi

265 2024 387 2088 possunt.
423 2014 507 2067 Abest
530 2017 562 2068 io
584 2032 601 2067 a
624 2013 703 2068 codd.
726 2014 777 2087 Lg.
802 2027 912 2087 praeter
929 2016 971 2072 76.
988 2017 1047 2084 81.’,
1071 2019 1136 2072 item
1159 2019 1194 2072 ob
1213 2019 1264 2075 Gu.
1284 2020 1310 2074 3.

266 2101 328 2155 edd.
348 2100 408 2154 ald.
429 2099 502 2154 Crat.
520 2097 600 2153 Man.
618 2098 729 2164 bamb,
753 2100 804 2153 sed
827 2118 882 2155 non
904 2102 969 2156 licet
988 2101 1085 2155 horum
1106 2111 1208 2157 sectam
1224 2105 1311 2174 sequi,

265 2185 340 2256 quod
359 2184 450 2255 optimi
468 2183 493 2236 3.
511 2184 553 2237 13.
572 2182 606 2236 33
618 2200 688 2242 corr.
708 2183 750 2237 36.
772 2183 823 2239 Ga.
839 2186 863 2239 3.
882 2184 1030 2239 inferciunt
1048 2191 1079 2240 tn
1097 2200 1161 2241 ante
1180 2188 1311 2257 definita.

350 2268 392 2323 43.
430 2268 560 2339 oranda]
585 2267 756 2321 ordinanda
773 2269 853 2323 codd.
872 2269 931 2324 iere
948 2287 1058 2334 omnes;
1084 2274 1222 2326 ornanda
1239 2272 1310 2328 Pall.

264 2351 375 2426 praieter
389 2352 412 2407 1.
430 2352 503 2408 Pitb.
523 2353 589 2407 mbr.
608 2351 719 2407 Memm.
739 2355 769 2422 (i.
782 2371 807 2408 e.
823 2361 879 2406 tres
897 2353 1035 2423 Lambini)
1053 2354 1151 2411 11ι11.
1170 2358 1201 2411 Z.
1215 2349 1273 2414 'Gu.
1284 2360 1312 2412 3.

263 2437 363 2511 upa
388 2439 412 2492 4.
440 2437 472 2491 13
491 2454 562 2492 corr.
586 2446 615 2490 ut
633 2438 707 2508 vulg.
727 2437 770 2491 33.
788 2437 829 2493 36.
849 2437 892 2491 79.
926 2437 978 2490 llla
998 2438 1134 2494 Gollebnll
1154 2441 1311 2496 coniectura

262 2522 460 2578 recentioribus
479 2529 543 2593 post
560 2522 624 2577 Scb.
643 2523 763 2592 probato
780 2533 829 2577 est.
850 2554 881 2564 -
906 2530 935 2576 et
954 2540 974 2576 a
994 2519 1117 2596 Crasso]
1139 2532 1170 2579 et
1187 2544 1239 2582 om.
1260 2526 1310 2597 ng.

262 2618 374 2681 praeter
395 2606 420 2662 3.
444 2606 486 2662 34.
510 2607 553 2662 36.
569 2606 614 2660 76.
637 2606 679 2662 81.
702 2637 738 2648 -
769 2607 896 2678 tactum]
922 2614 1087 2663 tractatum
1107 2609 1156 2680 Lg.
1176 2610 1201 2664 3.
1222 2612 1248 2665 4.
1269 2611 1310 2666 13.
1334 2645 1339 2651 -

262 2694 298 2750 33
314 2711 385 2756 corr.
404 2691 447 2747 36.
467 2692 508 2746 79.
534 2691 585 2746 Gn.
605 2692 630 2745 3.
648 2691 672 2746 3.
697 2709 754 2746 nou
772 2693 899 2748 deterius.
937 2698 1063 2747 tacitum
1087 2693 1113 2748 3.
1136 2693 1198 2747 5v.
1223 2704 1253 2748 ut
1274 2697 1310 2761 3.,
1416 2730 1425 2741 ·

220 2825 223 2832 .
262 2781 291 2833 ln
309 2794 363 2849 quo
382 2777 442 2846 ipso
460 2785 501 2829 est
518 2793 588 2830 corr.
601 2766 637 2830 'ut
654 2785 720 2832 text.
738 2807 774 2817 —
798 2776 1188 2847 hae01toevict.corr.-
1214 2783 1308 2833 etiam

236 2873 240 2889 ¹
263 2861 305 2932 st]
322 2862 361 2914 sic
378 2859 485 2914 divisim
503 2860 589 2931 133.
605 2861 760 2916 3161169.
776 2862 816 2916 73.
831 2863 871 2916 76.
890 2862 932 2916 81.
949 2862 991 2915 84.
1006 2861 1048 2916 86.
1063 2861 1106 2918 93.
1128 2862 1196 2917 vict.
1220 2864 1271 2918 Gn.
1286 2866 1309 2920 1.

263 2946 324 2999 ald.
341 2944 419 3001 Mon.
435 2943 530 2998 lamb
545 2976 576 2986 -
597 2952 697 3000 minus
715 2947 891 3017 esttamen]
909 2947 981 3000 hune
998 2948 1172 3017 selectiorem
1189 2949 1312 3003 ordinem

202 3065 217 3083 -.
262 3030 369 3084 restitui
392 3047 427 3083 ex
450 3028 499 3099 bg
523 3030 548 3083 3.
573 3031 597 3084 4.
622 3030 708 3085 613.
733 3030 774 3083 34.
798 3031 832 3086 33
849 3049 919 3087 corr
943 3031 986 3087 36.
1013 3031 1065 3087 Gu.
1084 3034 1110 3087 3.
1148 3039 1249 3087 tamen
1267 3041 1312 3088 est

264 3118 365 3169 miuus
382 3114 454 3168 Vict.
482 3113 534 3168 Gu.
555 3115 638 3168 3.
670 3115 826 3185 quidnam]
852 3116 957 3170 divisim
981 3116 1053 3170 Vict.
1078 3117 1129 3188 lg.
1155 3118 1180 3172 3.
1204 3119 1310 3174 (19.76.

166 3233 169 3238 -
262 3199 305 3256 76.
323 3200 365 3255 93.
390 3197 467 3254 Man.
488 3198 638 3253 Lamb-
664 3199 718 3271 an]
738 3205 770 3253 in
788 3201 840 3253 Gn
857 3200 881 3254 3.
901 3202 977 3254 mire.

348 3283 396 3339 XI
428 3286 470 3338 44.
500 3283 662 3354 afferentur]
680 3276 841 3353 adfecermtt
857 3284 908 3355 Lg.
923 3285 948 3340 3.
961 3286 987 3340 5.
1000 3284 1042 3340 65.
1058 3285 1101 3342 67.
1116 3287 1156 3342 76.
1172 3287 1213 3342 73.
1223 3286 1265 3341 86
1275 3313 1312 3329 ·-

262 3388 282 3425 a
307 3372 345 3438 te]
375 3370 414 3424 sic
437 3368 486 3439 Lg.
510 3369 536 3424 3.
555 3371 580 3425 4.
608 3369 647 3423 13.
672 3369 714 3424 31.
744 3370 779 3424 33
802 3387 871 3423 corr.
896 3369 939 3426 36.
970 3370 1021 3426 Ga.
1048 3371 1072 3425 3.
1098 3401 1134 3411 -
1171 3371 1309 3444 Popilia]

262 3454 400 3528 Poptttta
417 3453 495 3507 Man.
516 3453 550 3508 V.
564 3454 662 3524 explic.
677 3455 713 3506 ad
724 3452 772 3507 Ill.
783 3454 826 3519 43,
840 3453 897 3507 171.
908 3483 944 3496 ——
960 3457 1070 3524 vestra]
1088 3453 1192 3509 bostra
1206 3457 1256 3527 Lg.
1268 3459 1311 3512 67.

261 3542 297 3595 86
307 3558 377 3594 corr.
397 3539 541 3608 vestigium
559 3538 676 3592 sortasse
692 3538 845 3608 scripturae
863 3546 1023 3595 661166.»-
1042 3546 1072 3593 et
1083 3540 1126 3593 ad
1134 3543 1312 3614 praecepta]

262 3624 304 3680 od
329 3642 382 3678 orn.
407 3622 457 3693 Lg.
484 3623 523 3678 14.
545 3623 584 3677 16.
606 3623 647 3677 33.
667 3621 710 3677 69.
729 3623 770 3677 79.
790 3623 832 3678 73.
853 3623 895 3677 93.
920 3623 1016 3678 Lamb.
1039 3640 1129 3693 eoque
1154 3643 1313 3680 careremus

261 3727 350 3780 aequo
370 3709 469 3762 animo.

346 3795 388 3848 45.
425 3791 1092 3862 1116111113.33.35.79.73.86.6ιιι1.Μιιι.
1112 3793 1196 3848 Henr.
1223 3742 1311 3850 1165.

261 3877 358 3931 tetra.
370 3878 424 3940 81.,
443 3876 516 3943 quod
528 3877 614 3945 magis
625 3884 717 3946 aptum
729 3887 770 3931 est
783 3877 819 3930 ad
832 3881 880 3940 tis,
894 3893 973 3945 quam
987 3877 1022 3929 od
1035 3875 1083 3931 bis
1095 3877 1266 3934 firmandum.
1276 3904 1313 3921 -

262 3963 363 4012 omnia
378 3965 553 4012 ornamenta
571 3958 702 4028 docendi]
720 3963 760 4014 sic
776 3959 911 4029 probabili
930 3962 1123 4015 emendatione
1140 3960 1240 4015 Muell.
1260 3959 1312 4018 Or.

262 4042 345 4098 llen'r.
372 4042 507 4110 Vulgotur
525 4046 626 4093 omnia
643 4050 748 4097 ornate
767 4043 887 4097 diemde
897 4052 1082 4116 praecepta,
1103 4056 1131 4100 et
1143 4053 1313 4118 praecepta

262 4129 291 4180 lu
314 4124 437 4178 omnibus
460 4124 535 4177 libris
558 4134 662 4190 exstat3
691 4133 795 4183 emate
818 4127 940 4181 dicenda
962 4129 1141 4186 sandoval.
1170 4129 1311 4189 (11113.
