2876 4612
335 332 396 401 llll
424 332 651 403 ORATORE
680 324 950 401 nunninus.
1068 333 1165 407 tm

121 523 233 572 eornm
260 504 401 570 coenon
427 505 644 568 incuretecere.
704 500 776 567 155.
808 499 937 567 Tertius
968 499 1023 566 ille
1055 498 1166 568 modus
1177 460 1313 626 ἐξ,
1326 458 1430 551 MAG

118 620 330 688 transferendi
349 618 439 685 verbi
464 618 529 685 lato
553 620 768 705 patet,'quem
790 619 966 685 necessitas
986 619 1098 703 genuit
1117 619 1166 685 in-
1287 581 1373 640 Μ’

121 740 196 824 opio
218 746 330 805 coacte
350 745 382 802 et
397 737 563 821 augustiis,
584 745 654 822 post
671 745 773 801 eutem
789 736 965 817 iucunditas
983 734 1167 803 delectatio-

120 875 180 941 que
204 852 385 921 celebravit.
428 849 509 918 Nem
535 862 568 918 ut
587 854 685 918 vestis
714 853 843 937 frigoris
865 851 1044 940 depellendi
1066 872 1165 920 causa

119 980 245 1059 reperto
257 972 368 1058 primo,
389 978 460 1055 post
481 968 624 1061 adhiberi
646 980 759 1057 coepte
774 981 823 1036 est
844 969 885 1036 ed
906 979 1049 1037 ornatum
1070 950 1166 1036 eliam

118 1091 261 1173 corporis
290 1096 320 1152 ot
342 1085 543 1169 dignitatem:
572 1088 620 1152 sic
645 1085 734 1152 verbi
760 1086 926 1153 translatio
954 1088 1095 1155 institute
1116 1095 1165 1153 est

118 1205 246 1289 inopiae
274 1221 386 1277 cause,
412 1202 610 1288 frequentate
637 1203 867 1279 delectationis.
909 1201 990 1270 Nom
1010 1222 1166 1286 emmone

119 1322 194 1386 vitto
221 1319 381 1385 ineuntem
401 1337 466 1385 esee
492 1322 769 1388 intercisiones
796 1331 907 1404 scorteo
934 1320 1165 1409 etiarnlrustici

122 1553 214 1625 euplo
231 1569 293 1608 esse
314 1542 431 1607 uorulnis
453 1554 513 1607 eine
531 1533 731 1625 compositibue
747 1555 852 1611 novati.
885 1558 920 1609 et
942 1552 992 1613 ille
1014 1556 1114 1609 sentes
1131 1558 1167 1631 nt

121 1624 422 1709 diqeniteleeLg.13.
458 1638 888 1712 611111106161111.6111.9.
907 1639 933 1694 1.
967 1643 1002 1691 nt
1019 1638 1069 1692 ille
1086 1641 1166 1693 sente

120 1728 156 1775 ut
170 1722 210 1776 di.
224 1738 251 1793 y.
268 1722 311 1777 36.
341 1739 443 1775 senone
455 1722 589 1775 diuersus
606 1739 680 1775 corr.
699 1723 828 1776 dicmur
842 1724 970 1794 indiqen.
991 1723 1032 1777 lt.
1063 1739 1166 1777 rennes

121 1807 179 1861 ets.
197 1806 262 1860 eidi
278 1810 369 1877 yenit.
389 1805 505 1870 licere.
526 1814 555 1859 ut
572 1806 597 1860 5.
633 1813 667 1860 nt
685 1807 734 1859 ille
753 1806 867 1860 Ennius
884 1813 919 1860 nt
935 1808 963 1862 d.
980 1823 1007 1879 n.
1027 1807 1053 1862 6.
1075 1805 1125 1877 bg.
1139 1807 1165 1863 3.

121 1891 147 1945 6.
166 1891 208 1944 15.
226 1890 269 1944 11.
286 1890 329 1945 86.
363 1897 398 1944 nt
416 1888 465 1944 tlte
485 1891 598 1945 Ennius
617 1891 683 1944 nidi
697 1908 725 1962 9.
751 1889 812 1946 Pol.
831 1890 856 1945 6.
881 1900 909 1945 et
931 1910 957 1963 p.
977 1908 1037 1946 ver.
1061 1890 1111 1962 ng.
1130 1891 1166 1957 1.,

10 2021 15 2031 ,
120 1974 149 2028 iu
166 1992 220 2044 qrro
239 1992 280 2044 pr.
291 1992 330 2029 m.
349 1974 479 2028 Emilius
496 1979 557 2028 nisi
572 1975 619 2028 dn
632 1979 669 2046 q.
697 1981 731 2028 nt
749 1974 798 2027 ille
816 1974 933 2029 Ennius
950 1975 1078 2031 disertus
1096 1973 1167 2029 inde

38 2122 40 2128 ,
119 2062 210 2131 yenit.
229 2057 290 2112 Pol.
303 2057 329 2114 3.
365 2065 399 2111 nt
417 2059 466 2111 ille
483 2076 583 2112 sensns
601 2058 731 2111 disertus
748 2058 794 2111 uel
806 2063 916 2114 incure.
937 2058 988 2113 Gu.
1006 2059 1029 2113 l.
1065 2065 1099 2114 nt
1115 2057 1166 2117 ule

120 2142 251 2197 Ennius:
271 2142 328 2196 uu
341 2145 431 2214 yenit.
449 2144 521 2196 coni.
540 2142 660 2196 Turnebi
677 2143 750 2197 Adv.
770 2141 817 2198 lX.
835 2142 877 2197 16.
913 2142 1041 2200 utillud
1059 2144 1169 2200 diserti

39 2226 43 2233 '
119 2231 215 2281 senio.-
238 2226 296 2280 Dii
311 2244 375 2298 qen.
393 2225 549 2280 lintribiuus.
584 2233 617 2279 ut
638 2226 713 2279 struet
730 2225 823 2280 Ennii
828 2247 838 2280 .·
854 2227 904 2281 'Di
919 2245 984 2299 qen.
1008 2229 1167 2282 coniectura

121 2309 210 2366 Orelli
228 2318 270 2363 est
288 2310 408 2363 omnium
426 2309 565 2377 hueusque
583 2310 701 2363 inanime
719 2311 780 2363 veri
797 2311 898 2365 similis.
926 2310 1010 2368 Quod
1027 2311 1100 2363 enirn
1118 2310 1167 2367 ob·

120 2394 180 2446 lieu
188 2392 271 2445 llenr.
291 2409 387 2463 porum
403 2392 546 2461 probabile
564 2409 625 2453 esse
645 2392 672 2444 iu
686 2391 740 2444 boe
753 2392 826 2445 dicto
844 2390 908 2445 eddi
925 2393 1044 2446 auctoris
1056 2410 1166 2461 nomen,

121 2493 182 2530 cum
201 2492 218 2527 a
230 2476 328 2527 ceteris
345 2475 424 2543 obsit,
442 2472 530 2528 minus
544 2492 629 2545 grove
645 2475 763 2538 videtur,
781 2492 842 2528 eum
860 2483 887 2527 et
902 2474 984 2545 poulo
1004 2486 1069 2529 onte
1081 2475 1168 2532 caelu

120 2558 283 2614 adhibentur
301 2559 449 2612 aucteritas
469 2564 496 2611 et
515 2576 578 2628 pers
596 2558 800 2628 exemplorum,
819 2558 895 2612 velut
911 2558 957 2612 ille
977 2559 1012 2612 de
1030 2576 1167 2637 gemmon-

120 2645 193 2699 tibus
207 2642 307 2695 vitibus
323 2642 522 2697 luxuriantibus
541 2618 819 2713 segetibus'ouotore
837 2658 893 2701 uon
913 2651 1020 2713 egeant.
1039 2674 1071 2685 -
1096 2642 1165 2699 bae-

71 2754 75 2761 *
120 2722 240 2797 curnem]
257 2726 296 2779 sic
310 2726 435 2798 plerique
448 2726 543 2790 codd.;
562 2727 671 2796 quidum
686 2724 837 2790 bacarum,
851 2743 1022 2791 coecorum,
1040 2727 1166 2783 baceho·

119 2829 204 2876 rum,
222 2816 377 2875 vocatum,
395 2827 549 2864 cacanum.
573 2810 607 2865 V.
626 2807 787 2863 Schneideri
805 2810 851 2864 Gr.
867 2810 928 2865 Lot.
943 2809 964 2866 l.
976 2812 1002 2867 1.
1022 2830 1047 2883 p.
1059 2812 1118 2868 tol.
1130 2842 1167 2854 -

120 2893 330 2964 incurviscere]
348 2895 387 2947 sie
402 2911 437 2947 ex
450 2892 543 2947 Nouio
560 2895 587 2946 in
605 2910 632 2947 v.
652 2912 679 2964 p.
695 2892 753 2948 111.
768 2893 856 2948 Mero.
873 2892 968 2950 Lomb.
986 2893 1049 2951 seb.
1065 2895 1165 2955 Muell.

76 2975 79 2984 ’
121 2976 188 3043 0r.,
212 2977 258 3047 qui
281 2977 309 3030 in
332 2975 596 3045 1115611666,
619 2977 665 3031 ubi
686 2979 792 3048 integer
814 2995 910 3032 versus
934 2979 1047 3050 legitur,
1071 2989 1167 3035 contro

119 3070 227 3132 pentem
244 3058 376 3114 librorum
394 3063 594 3115 incurvescere
611 3061 730 3130 reliquit,
747 3062 916 3130 quodetiam
932 3062 1063 3118 boeloeo
1080 3065 1165 3137 vulgo

119 3144 317 3199 circumfertur.
353 3144 551 3199 increbescere
573 3145 625 3201 Gn.
644 3147 670 3201 3.
702 3148 902 3217 ,lntnrqeeeere
921 3146 973 3204 Gu.
992 3148 1018 3204 1.
1033 3148 1101 3221 0Lg.
1122 3148 1163 3206 16.

118 3228 153 3282 11
167 3246 242 3299 corr.
261 3228 296 3281 64
315 3245 385 3283 corr.
405 3229 448 3283 66.
914 3268 917 3274 «

205 3310 263 3366 165.
298 3310 379 3366 nerii
396 3312 458 3366 lete
470 3309 571 3385 petet]
590 3316 734 3367 uarietate
749 3319 835 3387 patet
851 3312 900 3384 bg.
918 3312 943 3368 1.
964 3312 1004 3370 13.
1023 3313 1065 3371 36.
1101 3319 1166 3372 veri

119 3396 182 3450 late
193 3414 225 3468 p.
246 3397 271 3448 1.
295 3395 420 3451 311011.
455 3398 654 3478 ceritatetGu.
673 3398 698 3452 3.
717 3426 753 3439 -
780 3396 900 3467 concta]
924 3404 993 3451 neta
1018 3399 1070 3454 Gu.
1088 3401 1113 3456 3.
1129 3424 1166 3443 ..-

111 3479 291 3534 iucunditas
310 3479 540 3551 delectatioque]
563 3482 611 3548 eie,
624 3481 724 3535 inverti
747 3498 784 3535 ex
806 3480 857 3551 Lg.
875 3481 900 3536 1.
919 3480 946 3535 3.
965 3484 989 3538 Δ.
1008 3481 1034 3538 6.
1061 3484 1100 3540 13.
1120 3485 1165 3541 ill.

120 3562 162 3617 61.
181 3561 226 3616 36.
243 3560 286 3616 61.
317 3564 373 3618 tue.
396 3564 679 3633 deleetnttonemqne
697 3564 748 3617 Gu.
762 3565 788 3619 3,
823 3565 939 3619 ineunti.
958 3566 1166 3624 delectatione·

120 3662 177 3717 que
193 3643 244 3714 bg.
260 3646 284 3711 4.
301 3643 337 3698 31
352 3663 422 3702 corr.
443 3656 473 3701 ut
487 3647 515 3701 1.
551 3646 663 3718 Quippe
680 3649 846 3702 iucunditate
864 3650 905 3702 rel
922 3650 1166 3720 delectemurslto·

121 3744 176 3799 que
200 3744 309 3782 musaeu
330 3727 394 3783 laeti
417 3731 554 3800 praemitti
576 3730 649 3784 laeto
670 3734 800 3802 oportuit.
817 3760 853 3773 -
882 3733 1035 3806 adbiberi]
1060 3733 1168 3792 bobert

120 3811 172 3884 bg.
190 3821 301 3882 praeter
313 3812 339 3869 1,
352 3814 377 3865 l.
397 3813 437 3868 13.
457 3815 559 3870 1611.
577 3813 620 3868 31.
638 3814 694 3881 36,
711 3817 776 3870 item
795 3816 921 3874 (1611.
941 3819 1022 3886 vict,
1042 3820 1126 3890 quod,
1143 3821 1168 3874 el

109 3897 161 3951 1111
177 3904 226 3949 out
239 3910 334 3950 omues
351 3905 398 3950 out
416 3898 509 3968 plures
522 3897 691 3964 addicerent,
709 3899 791 3955 valde
805 3901 947 3959 arrideret.
960 3926 996 3945 ..-
1013 3902 1167 3972 ornatnm]
1218 3902 1220 3907 ’

65 3996 67 4001 ·
109 3986 330 4034 ornamentum
346 3980 396 4052 bg.
410 3981 437 4037 3.
450 3982 476 4037 5.
494 3981 521 4036 6.
541 3983 581 4036 lt.
598 3982 695 4038 torto.
713 3983 756 4040 11.
774 3985 816 4040 13.
836 3985 878 4041 61.
894 3986 937 4043 oo.
958 3987 1054 4041 7613.
1068 3987 1109 4039 76.
1121 3984 1165 4039 86.

119 4073 159 4124 tto
170 4078 239 4118 corr.
254 4063 297 4120 61.
311 4092 348 4107 —-
365 4065 530 4136 qemmare]
547 4070 699 4137 Μίκωνα
715 4069 762 4124 vel
778 4084 900 4142 qemnre
917 4068 968 4141 Lg.
981 4070 1006 4123 4.
1020 4068 1045 4121 6.
1060 4067 1103 4121 11.
1122 4066 1165 4122 61.

110 4146 159 4203 tn
180 4164 253 4206 corr.
271 4147 315 4206 63.
338 4147 557 4207 11111011...-
584 4151 669 4223 eius]
690 4154 731 4207 sie
753 4152 866 4222 Lg.,13.
884 4152 928 4208 13.
946 4152 989 4206 36.
1009 4174 1045 4190 ··-
1074 4153 1168 4205 enam

915 4249 960 4315 ot
