2968 4596
370 383 374 387 .
431 295 489 362 ris
518 257 748 366 osnross
776 298 901 367 imus
922 268 998 367 iss.
1186 305 1244 375 ιι

189 488 377 556 semperque
397 466 557 535 dominata
573 478 641 565 est„
673 469 724 534 31.
748 467 830 548 Quid
852 470 934 534 enlm
956 478 1004 535 est
1027 480 1081 536 aut
1101 480 1165 536 tam
1187 471 1244 536 ecl-

191 587 353 664 mirabile,
377 605 470 673 quam
492 608 532 652 ex
553 586 672 653 infinita
693 586 885 655 multitudine
907 584 1064 653 bominum
1087 589 1240 654 exsistere

189 726 301 783 unum,
325 706 379 790 qui
401 704 448 782 id,
472 705 554 790 quod
576 705 718 771 omnibus
741 714 854 770 natura
874 707 915 771 sit
936 704 1054 780 datum,
1076 704 1128 771 vol
1150 704 1239 772 solus

187 824 244 891 vel
266 843 335 919 cum
356 820 468 908 paucis'
490 821 596 888 lacere
617 824 739 909 possiti
769 832 821 887 aut
841 831 905 887 tam
927 821 1091 887 iucundum
1114 825 1242 907 cognitu

189 952 286 1027 atque
321 940 446 1016 auditu,
484 959 577 1025 quam
611 938 804 1026 sapientibus
835 942 997 1005 sententiis
1028 928 1239 1027 gravibusque

127 1109 129 1112 -
187 1058 298 1125 uerbis
326 1067 438 1124 ornata
465 1059 566 1123 oratio
593 1067 624 1123 et
649 1057 769 1144 politat
802 1066 855 1127 aut
884 1066 949 1123 tam
976 1066 1086 1143 potens
1113 1068 1239 1144 tamque

187 1175 402 1265 magnificum,
426 1195 519 1261 quam
540 1174 646 1262 populi
667 1186 767 1242 motus
790 1174 926 1241 iudicum
948 1173 1121 1259 religiones
1145 1195 1238 1242 sena-

186 1307 242 1360 tus
268 1296 453 1378 gravitatem
479 1295 571 1358 unius
599 1295 741 1360 oratione
770 1294 930 1362 convenii
982 1292 1034 1361 32.
1066 1290 1148 1371 Quid
1174 1303 1240 1365 taut

185 1431 284 1500 porro
304 1414 438 1496 regium,
467 1420 531 1476 tam
552 1409 700 1487 liberale,
727 1421 792 1477 tam
814 1409 1001 1488 munificum,
1030 1429 1122 1496 quam
1145 1430 1236 1497 opcm

184 1530 272 1595 serre
300 1527 490 1616 supplicibus
518 1529 656 1595 excitare
683 1527 817 1596 afflictos
843 1528 919 1594 dare
943 1528 1076 1598 salutem
1096 1528 1235 1597 liberare

184 1644 340 1734 periculis
364 1649 497 1711 retinere
524 1645 668 1713 homiues
696 1646 729 1715 in
751 1647 899 1715 civitate?
925 1643 1025 1723 ,Quid
1047 1657 1150 1712 autem
1170 1656 1235 1713 tam

187 1765 419 1842 necessarium,
441 1784 532 1853 quam
553 1773 661 1829 tenere
681 1782 804 1849 semper
819 1781 921 1838 arma,
945 1761 1055 1848 quibus
1069 1762 1121 1830 uel
1135 1773 1235 1829 tectos

185 1884 258 1968 ipse
282 1901 355 1952 esse
374 1884 493 1968 possis,
519 1881 571 1948 uel
592 1900 768 1968 provocare
789 1872 963 1967 inprobos,
990 1879 1041 1945 vel
1067 1890 1097 1946 te
1123 1879 1234 1949 ulcisci

183 2000 377 2066 lacessitus?
419 1999 491 2084 Age
509 2018 602 2076 voro,
625 2019 665 2064 ne
688 2019 812 2085 semper
831 1997 932 2064 sorum
955 1996 1109 2066 subsellia
1129 2009 1234 2067 rostra

185 2120 370 2205 cumamque
392 2116 558 2195 meditere,
585 2117 659 2203 quid
686 2136 758 2185 csse
782 2126 883 2205 potest
908 2118 942 2187 in
963 2118 1027 2184 otio
1050 2126 1103 2186 aut
1123 2119 1233 2186 iucun-

272 2335 315 2390 31.
353 2335 522 2404 quidecim
541 2334 597 2408 est]
631 2333 670 2388 sic
690 2332 769 2390 codd.
792 2351 832 2405 pr.
851 2332 900 2406 Lg.
921 2334 962 2393 15.
980 2333 1023 2389 sl.
1050 2340 1095 2388 esi
1117 2351 1169 2388 orn.
1187 2332 1230 2389 23.

180 2440 215 2477 v.
235 2423 308 2491 expl.
323 2421 373 2474 111.
387 2421 431 2485 30,
444 2421 502 2474 llo.
526 2422 714 2475 multitudine
731 2421 896 2494 hominum]
914 2422 969 2478 inv.
988 2423 1038 2494 lig.
1054 2423 1079 2475 3.
1094 2423 1117 2475 4.
1133 2420 1174 2476 33.
1187 2420 1230 2474 67.

183 2508 232 2562 76.
250 2507 346 2561 Lamb.
365 2535 398 2547 ν-
436 2508 591 2578 exsistere]
608 2508 645 2560 ita
662 2510 712 2563 soli
729 2509 779 2581 Lg.
800 2511 824 2565 5.
845 2510 885 2564 13.
903 2509 946 2563 37.
965 2539 1001 2550 -
1035 2505 1231 2581 sapientibus]

182 2597 421 2670 sapientissimis
444 2595 493 2667 Lg.
512 2595 553 2649 81.
575 2596 668 2666 Stepb.
703 2597 792 2655 Etiam
815 2599 1059 2669 pravissimisqtcc
1081 2593 1177 2664 Stepb.
1195 2622 1231 2633 -

176 2683 297 2760 polita]
320 2683 360 2736 sic
378 2684 457 2739 codd.
478 2702 548 2751 nou,
573 2692 602 2737 ut
623 2685 704 2739 Henr.
726 2693 818 2756 putat,
840 2685 959 2756 plurimi,
979 2684 1029 2737 sed
1047 2681 1156 2753 optimi,
1180 2677 1230 2750 Lg.

180 2774 209 2828 2.
230 2775 247 2826 4
269 2790 309 2843 pr.
330 2789 364 2827 m.
389 2772 429 2826 13.
452 2772 487 2826 32
509 2791 550 2843 pr.
570 2790 605 2828 m.
628 2773 670 2827 36.
690 2773 732 2828 81.
760 2773 811 2828 Gu.
833 2774 857 2829 l.
876 2774 900 2829 2.
920 2773 944 2827 3.
982 2772 1070 2826 Havn.
1089 2769 1113 2825 2.
1135 2767 1230 2823 Lamb.

181 2861 261 2915 Grut.
281 2859 348 2915 um.
365 2860 451 2915 fleur.
482 2862 637 2934 perpolita
659 2862 710 2933 Lg.
728 2861 794 2915 XlX
816 2871 843 2916 et
863 2864 887 2917 l.
901 2861 941 2927 ,32
958 2879 991 2915 m.
1010 2878 1079 2926 sec,
1100 2867 1125 2928 β.
1145 2860 1170 2914 δ.
1192 2877 1228 2923 a,

180 2950 246 3003 etlrl.
271 2949 424 3018 antiquiss,
446 2950 507 3004 Alo.
528 2949 597 3004 lunt.
621 2950 693 3004 Crat.
731 2949 807 3004 Man.
832 2951 927 3020 Stepb.
949 2950 1013 3004 seb.
1035 2948 1110 3003 [larl.
1131 2947 1227 3003 Muell.

181 3036 235 3092 0r.
254 3066 290 3077 -
324 3037 456 3107 iamque]
478 3045 567 3108 eique
586 3035 637 3110 bg.
655 3039 756 3093 9a—
789 3038 959 3110 reliqiones]
981 3037 1043 3092 rell.
1064 3037 1113 3108 bg.
1130 3036 1173 3089 ot.
1191 3063 1228 3076 ’-

179 3125 325 3195 conveni]
351 3131 483 3183 converti
503 3127 590 3192 Vico,
615 3145 696 3197 quem
714 3144 768 3180 non
784 3143 884 3196 sequar
903 3128 1005 3193 solum,
1029 3126 1103 3195 quod
1122 3126 1149 3177 in
1168 3123 1245 3176 aliis

176 3217 340 3286 νεωτερίζει.
1162 3256 1164 3261 .
1224 3247 1226 3255 1

177 3368 179 3370 V
265 3302 307 3359 32.
345 3310 408 3356 iam
426 3302 531 3375 porro]
561 3303 616 3356 inv.
643 3302 695 3358 Gir.
713 3302 738 3359 2.
765 3304 814 3376 Lg.
836 3304 875 3359 17.
894 3303 935 3358 23.
954 3302 997 3358 81.
1024 3311 1053 3358 ut
1076 3302 1170 3356 Lomb.
1190 3326 1225 3342 ·-

177 3389 326 3463 afflictos]
352 3391 492 3461 adflictos
508 3391 559 3461 Lg.
578 3390 621 3444 65.
640 3421 676 3430 —-
711 3391 817 3462 iscius]
840 3399 938 3445 rectus
961 3392 1010 3463 Lg.
1031 3392 1070 3446 17.
1092 3396 1226 3461 perpetua

176 3479 348 3532 confusione.
367 3506 403 3516 —
441 3477 604 3550 improbos]
627 3480 667 3531 sic
684 3479 764 3533 codd.
784 3481 904 3549 plurimi,
931 3497 986 3534 non
1004 3481 1110 3550 optimi,
1135 3478 1222 3531 llavn.

179 3565 205 3620 l.
225 3566 250 3620 2.
290 3565 366 3622 (lant.
384 3563 480 3620 Mearl.
498 3566 574 3620 Harl.
594 3568 617 3624 l.
637 3590 663 3627 n,
675 3577 701 3637 β.
713 3590 740 3638 y.
752 3568 781 3624 (1.
789 3588 810 3623 ε.
834 3568 885 3622 Gu.
904 3567 938 3621 2:
965 3568 1013 3638 Lq.
1034 3586 1128 3621 ornnes
1146 3584 1224 3638 prae·

177 3663 221 3708 ter
237 3653 262 3707 l.
283 3657 301 3707 4
318 3671 359 3724 pr.
380 3671 414 3706 m,
435 3653 475 3706 13.
497 3654 536 3709 lo.
556 3654 598 3711 36.
618 3657 667 3723 73,
696 3657 839 3726 inquibus
859 3661 988 3727 inteqros
1008 3663 1063 3720 est,
1083 3665 1112 3709 ut
1128 3657 1154 3708 ln
1170 3672 1222 3726 mg.

176 3742 267 3797 ssavo.
287 3742 319 3795 A.
339 3741 402 3794 Vet.
421 3741 517 3810 Steph.
538 3743 568 3797 Z.
590 3764 617 3813 γ.
637 3743 694 3799 Erl.
714 3744 736 3799 l.
751 3745 776 3800 2.
800 3746 851 3800 Gu.
867 3746 891 3800 3.
910 3745 968 3799 Ers.
987 3745 1087 3798 Palati.
1106 3744 1222 3796 duobus-

175 3846 231 3899 que
253 3829 408 3887 Gallicanis.
442 3847 629 3900 „prooocarc
648 3836 761 3904 ioieqer
780 3832 929 3907 improbos
947 3832 1115 3895 Muellerus,
1144 3848 1226 3899 quam,

177 3918 306 3986 equidem
339 3916 521 3971 coniecturam
548 3934 603 3971 non
629 3919 713 3973 ausim
741 3938 800 3975 eum
828 3919 934 3976 Orelllo
961 3920 1095 3992 egregiam
1121 3919 1222 3983 dicere,

174 4005 301 4074 quamvis
320 4009 450 4075 inlapsos
471 4022 506 4059 ex
526 4022 598 4060 voce
616 4009 729 4077 iateqer
746 4017 833 4062 ortum
852 4016 959 4078 putem3
982 4022 1044 4058 nam
1062 4005 1116 4058 boc
1135 4008 1221 4076 ipsura

175 4110 279 4148 merum
303 4093 438 4164 glossema
459 4095 534 4148 vocis
558 4094 746 4163 praecedentis
769 4102 863 4156 tectus
884 4113 944 4151 esse
967 4093 1103 4148 videtrrr.“
1137 4091 1226 4167 'Here'
