2980 4602
253 316 336 385 m
486 318 490 323 '
645 303 902 374 CICERONIS

256 480 374 546 oratori
396 480 610 544 necessarium
633 477 673 541 sit
694 475 882 560 quaerimus.
926 469 1128 555 Quanquam,
1151 474 1298 557 quoniam

255 597 354 664 multa
367 572 416 662 'ad
437 598 573 662 oratoris
595 591 827 658 similitudinem
851 586 892 655 ab
914 608 976 653 uuo
999 587 1116 653 auiuce
1139 590 1298 666 sumimus,

254 713 337 781 solet
363 713 445 778 idem
466 711 601 777 Roscius
628 709 733 774 dicere
762 727 811 785 se,
840 726 900 792 quo
926 705 996 792 pius
1023 705 1086 770 sibi
1108 706 1221 771 aetatis
1244 726 1298 772 ac-

254 831 393 908 cederet,
421 849 459 895 co
480 828 637 911 tardiores
658 826 797 891 tibicinis
819 824 929 890 modos
951 833 982 888 et
1004 833 1114 888 cautus
1136 825 1298 890 remissio-

254 967 307 1013 res
335 966 407 1012 esse
429 946 591 1011 iacturum.
635 942 726 1021 Quod
753 944 782 1007 si
803 941 858 1021 ilie
882 942 1027 1006 astrictus
1055 949 1142 1006 certa
1162 939 1298 1026 quadam

254 1060 451 1130 numerorum
478 1062 691 1129 moderatione
718 1070 749 1125 et
769 1060 880 1145 pedum
904 1068 1011 1123 tamen
1037 1057 1156 1143 aliquid
1183 1058 1224 1122 ad
1245 1078 1296 1124 re-

253 1183 356 1266 quiem
371 1182 539 1246 senectutis
557 1178 724 1267 excogitat,
747 1186 861 1261 quanto
879 1176 1005 1241 facilius
1027 1196 1085 1242 uos
1106 1195 1170 1240 nou
1184 1175 1295 1241 laxare

253 1298 378 1375 modos,
406 1297 462 1363 sed
488 1306 570 1362 totos
596 1305 715 1360 mutare
742 1299 946 1380 possumust‘
975 1291 1047 1357 255.
1077 1290 1184 1377 Neque
1212 1295 1296 1366 euim

252 1413 313 1481 hoc
339 1425 383 1490 te,
411 1413 542 1490 Crasse,
570 1411 667 1488 saliit,
699 1431 793 1496 quam
818 1410 915 1476 multa
941 1413 1003 1474 siut
1029 1419 1069 1480 et,
1085 1429 1177 1494 quam
1202 1412 1295 1475 varia

254 1530 533 1616 generedicendi,
561 1528 644 1614 quod
664 1527 748 1593 haud
774 1530 874 1593 sciam
896 1547 938 1593 au
957 1538 990 1591 tu
1010 1529 1126 1614 primus
1148 1526 1294 1593 ostende·
1358 1540 1360 1545 ·

252 1650 312 1719 ris.
341 1649 394 1733 qui
420 1650 484 1713 iam
511 1647 564 1711 diu
591 1643 686 1711 multo
714 1645 793 1710 dicis
815 1647 979 1710 remissius
1006 1614 1174 1722 etleuius,
1202 1664 1295 1730 quam

253 1764 400 1842 solebam
426 1784 527 1849 meque
549 1764 651 1828 miuus
671 1760 752 1827 haec
773 1772 878 1827 tamen
897 1772 953 1827 tua
972 1742 1154 1846 gravissimi
1174 1782 1295 1829 sermo·

251 1884 302 1949 uis
323 1882 455 1958 leuitas,
482 1898 574 1966 quam
600 1878 659 1945 ilia
685 1899 805 1944 summa
825 1885 874 1945 vis
902 1890 933 1945 et
954 1882 1118 1965 contentiox
1131 1880 1293 1967 probatum

252 1998 399 2082 multique
421 2008 563 2063 oratores
585 1996 716 2073 sucrum,
737 2007 770 2081 ut
791 1997 879 2061 illum
897 1995 1077 2085 Scipionem
1100 1998 1240 2064 audimus
1262 2007 1293 2064 et

251 2113 406 2191 Laelium,
428 2116 482 2205 qui
504 2115 609 2185 omnia
630 2133 773 2185 sermone
796 2113 982 2225 coniectent
1002 2115 1097 2208 paulo
1119 2118 1303 2197 intentiore,¹

162 2418 168 2433 1
252 2350 296 2418 oe]
311 2349 348 2403 de
364 2348 435 2404 Viet.
446 2378 482 2393 .-
499 2340 664 2416 accederet]
683 2348 840 2403 adcedcret
856 2347 1073 2420 1118050770.
1088 2351 1130 2406 73.
1154 2351 1293 2405 accedere

251 2435 293 2490 20.
312 2463 348 2476 ν·
377 2433 538 2502 iorddores]
559 2434 708 2488 tardioris
729 2433 780 2506 Lg.
799 2436 825 2490 3.
842 2435 866 2489 5.
886 2434 927 2488 14.
947 2434 987 2489 15.
1008 2435 1048 2489 10.
1066 2436 1108 2491 21.
1126 2436 1228 2491 2305.
1248 2436 1289 2491 07.

251 2519 349 2574 7073.
366 2519 481 2575 isscorr.
500 2518 598 2575 8093.
616 2518 791 2573 itacorrao.
818 2519 978 2573 tardiorem
995 2519 1120 2574 Mam-
1137 2522 1292 2588 astucius}
1377 2559 1379 2563 «
1463 2508 1467 2517 ’

249 2605 289 2658 sie
311 2603 362 2675 Lg.
382 2603 421 2658 14.
442 2603 483 2656 15.
503 2603 543 2658 10.
565 2604 604 2658 17.
628 2604 672 2659 20.
694 2603 736 2671 23.
762 2603 804 2658 24.
823 2603 866 2659 35.
884 2605 926 2659 05.
945 2604 987 2658 70.
1006 2606 1048 2659 73.
1069 2605 1109 2677 70.
1128 2605 1169 2659 81.
1188 2605 1229 2660 84.
1247 2604 1290 2660 80.

250 2688 321 2745 vtes.
340 2688 392 2742 Gu.
405 2688 428 2744 1.
442 2688 468 2742 2.
487 2688 509 2742 d
525 2689 552 2742 iu
569 2689 649 2743 bouis
667 2690 745 2743 codd.
765 2682 828 2742 oute
845 2706 880 2760 sp
899 2695 927 2740 et
944 2695 974 2741 st
988 2704 1097 2759 semper
1109 2688 1243 2742 obiicitur.
1254 2719 1292 2733 -—

251 2771 368 2838 lauare]
394 2771 510 2827 lassare
533 2771 585 2843 Lg.
602 2772 645 2828 20.
670 2773 740 2828 Vict.
766 2774 818 2828 Gu.
838 2773 860 2827 1.
877 2773 901 2827 2.
919 2802 954 2815 -
985 2774 1038 2826 sed
1055 2775 1143 2840 totos]
1164 2779 1194 2825 ct
1210 2779 1291 2826 totos

250 2855 301 2925 lq.
318 2856 343 2911 3.
362 2856 386 2911 5.
405 2857 430 2909 0.
450 2856 546 2911 1517.
565 2857 666 2912 4011.
685 2859 727 2913 23.
746 2858 780 2912 35
794 2876 863 2913 corr.
883 2859 925 2913 05.
942 2858 985 2912 70.·
998 2858 1038 2912 73.
1057 2858 1098 2911 70.
1117 2858 1159 2911 80.
1178 2875 1231 2912 om.
1245 2858 1289 2914 81.

251 2956 311 2992 uae.
339 2938 392 2991 sed
407 2939 450 2996 84.
473 2969 509 2981 -
536 2943 666 3010 mutare]
687 2943 783 2995 multo
803 2941 854 3014 ug.
873 2944 898 2998 3.
917 2943 942 2996 5.
961 2943 986 2997 0.
1006 2942 1046 2997 14.
1066 2943 1106 2996 15.
1128 2942 1167 2997 17.
1185 2941 1227 2996 20.
1245 2943 1288 2997 21.

250 3025 285 3078 35
300 3041 372 3077 corr.
399 3024 528 3078 multare
545 3026 587 3080 05.
606 3026 648 3081 07.
667 3027 708 3082 70.
726 3027 767 3082 81.
786 3027 827 3084 84.
846 3028 889 3081 80.
907 3026 1048 3103 VictGu.
1065 3027 1090 3082 2.
1121 3032 1152 3082 irc
1167 3032 1230 3082 rita
1248 3029 1288 3085 10.

250 3108 293 3168 70.
312 3108 353 3163 73.
371 3138 408 3152 -··
426 3111 600 3181 possiumus]
614 3115 769 3182 poscimus
786 3110 836 3182 Lg.
856 3112 897 3167 70.
918 3111 988 3166 Vict.
1008 3124 1092 3168 corr.v
1168 3150 1171 3154 Α

335 3192 395 3248 255.
424 3194 504 3264 quod
516 3192 597 3248 haud
611 3197 716 3264 sctum]
733 3195 796 3249 libri
808 3213 902 3249 omues
916 3203 945 3249 et
956 3199 1139 3266 praemittunt.
1164 3198 1198 3252 id
1210 3197 1291 3267 quod

218 3298 223 3323 ι
249 3278 320 3339 coni.
336 3278 418 3334 Heus.
437 3278 556 3348 probant
572 3279 636 3337 Sch.
654 3278 753 3334 Mucii.
772 3279 820 3335 ssr.
848 3288 878 3334 ei
894 3281 974 3334 eiecit
989 3280 1084 3335 Lamb.
1102 3282 1202 3351 probat
1217 3281 1290 3335 Heu·

248 3362 375 3419 uicissem·
405 3362 471 3421 Nou
496 3366 583 3437 miuus
605 3364 783 3435 probabiliter
807 3372 837 3418 et
859 3372 966 3419 retento
990 3367 1070 3435 quod
1091 3366 1231 3421 obieceris.
1253 3396 1290 3407 -

251 3452 314 3505 iam
333 3449 397 3517 diu]
413 3449 453 3502 sic
470 3449 578 3504 divisim
595 3448 702 3521 11505.
721 3450 763 3506 07.
782 3450 824 3505 00.
838 3448 880 3504 70.
899 3449 940 3504 73.
958 3450 1000 3504 70.
1019 3449 1062 3504 81.
1078 3451 1121 3507 81.
1139 3452 1182 3519 80.
1199 3450 1241 3506 93.
1249 3479 1290 3519 y·-

250 3533 354 3601 onies]
373 3533 463 3586 leuius
480 3530 530 3603 Lg.
545 3532 587 3587 09.
603 3533 645 3587 81.
657 3533 700 3588 03.
726 3532 815 3588 (10.2.
837 3564 867 3574 -
885 3551 978 3604 aeque
993 3536 1104 3603 minus]
1122 3538 1290 3590 neemiam

248 3616 298 3688 Lg.
316 3617 358 3672 20.
380 3616 424 3687 ,21.
444 3617 486 3672 23.
506 3644 542 3658 ·-
572 3616 691 3685 leuitas]
716 3617 819 3671 leuitas
841 3617 911 3673 Vict.
947 3622 1128 3690 praoimma
1150 3637 1202 3690 pro
1212 3637 1290 3691 *pra-

247 3705 366 3755 oiootmi
386 3702 497 3772 corripit
515 3700 637 3767 Ruricius,
661 3719 696 3755 ue
716 3703 744 3758 id
769 3719 829 3754 cum
845 3719 994 3766 ammone,
1015 3703 1066 3755 sed
1089 3720 1150 3757 cum
1168 3705 1291 3757 lenitate

247 3785 1310 3858 000105351οη1111011551.-111αεαφηηια]ἰην.113.3.014113.05.-,
1392 3788 1397 3797 ’
1484 3766 1485 3801 ³

248 3874 278 3921 et
294 3870 452 3935 comantia]
476 3872 507 3920 'et
530 3870 582 3922 tlla
600 3877 674 3924 cont.
694 3870 745 3943 bg.
762 3872 805 3927 09.
841 3875 1019 3943 contemptio
1040 3871 1091 3926 Gu.
1113 3871 1136 3926 1.
1154 3899 1191 3915 -
1217 3886 1287 3943 pro-

248 3950 348 4018 bator]
361 3951 547 4024 probabatur
564 3952 615 4023 Lg.
634 3955 659 4008 3.
678 3956 702 4010 5.
721 3957 762 4010 24.
782 3958 826 4011 35.
842 3957 885 4011 05.
900 3955 943 4010 07.
963 3956 1005 4010 70.
1023 3956 1065 4011 73.
1083 3957 1125 4010 70.
1142 3954 1184 4009 81.
1202 3955 1288 4008 80.-

12 4064 22 4085 .
105 4040 113 4051 ‘
222 4033 398 4101 Ν«1111101ιο5]
425 4036 594 4089 audiemus
614 4035 666 4107 Lg.
689 4040 714 4093 3.
737 4041 777 4095 14.
804 4042 844 4095 15.
867 4039 910 4094 23.
934 4040 977 4095 07.
998 4039 1041 4095 09.
1060 4039 1101 4093 70.
1120 4038 1224 4092 8480.
1241 4037 1285 4093 03.

248 4117 287 4172 ita
309 4132 380 4173 corr.
401 4117 753 4199 24.·scripoit‚1›amhiuus.
787 4123 859 4181 Nou
878 4141 957 4197 opus.
998 4123 1157 4186 Ammo,
1184 4122 1289 4195 111111111ο
