2942 4608
261 310 362 384 rso
442 392 448 401 ‘
663 303 919 376 clausurus

259 488 422 568 pereutere
448 478 586 545 animum
609 479 743 566 possint.
795 475 1106 562 Quam‘iseultatem
1132 487 1164 545 et
1189 479 1316 546 exerei-

259 601 337 665 tatio
360 597 460 675 dabit,
482 617 522 663 ex
544 616 606 682 qua
628 596 821 663 consuetudo
842 597 994 681 gignitur,
1016 605 1048 661 et
1067 596 1218 662 similium
1239 616 1317 664 uer-

260 717 371 783 borum
387 700 547 782 souuerse
560 725 594 803 et
606 716 767 780 immutata
781 713 910 780 casibus
932 710 985 780 aut
1000 715 1144 780 traducta
1166 733 1205 781 ex
1221 725 1315 802 parte

262 835 304 902 ad
320 854 421 920 genus
442 835 561 900 notatio
584 841 614 899 et
634 834 727 898 unius
747 830 837 898 uerbi
858 835 995 917 imagine
1016 835 1111 899 totius
1135 836 1312 898 sententiae

262 953 444 1020 informatio
466 952 595 1038 pistoris
617 950 781 1018 cuiusdam
802 951 913 1016 summi
933 951 1056 1017 ratione
1078 959 1109 1016 et
1130 951 1223 1018 modo
1245 951 1314 1017 fora

261 1090 382 1137 marum
401 1071 554 1136 uarietate
575 1068 666 1136 Iooos
689 1068 919 1154 distinguentis.

345 1184 552 1252 LXXXVIII.
584 1187 657 1252 359.
680 1185 747 1252 Sed
767 1184 934 1252 uerborum
955 1186 1123 1263 memoria,
1146 1204 1227 1272 quae
1249 1187 1312 1251 nri-

260 1325 320 1374 nus
353 1316 403 1371 est
433 1305 526 1373 nobis
558 1306 764 1382 necessaria,
799 1306 919 1370 maiore
951 1305 1123 1388 imaginum
1153 1306 1310 1370 varimate
1418 1290 1421 1296 ’
1455 1380 1456 1387 ¹

261 1424 469 1508 distinguitur.
512 1420 616 1487 Multa
636 1424 719 1488 enisu
741 1432 811 1488 sunt
831 1421 941 1499 uerba,
965 1440 1046 1507 quae
1068 1422 1161 1507 quasi
1183 1421 1310 1489 articuli

260 1550 447 1608 sonnectunt
471 1539 612 1606 membra
638 1542 807 1617 orationis,
839 1558 920 1628 quae
947 1540 1077 1606 iormari
1105 1538 1309 1618 similitudine

259 1659 349 1726 nulla
363 1668 508 1746 passuum
530 1677 638 1725 eorum
659 1658 824 1744 fingendae
847 1657 940 1724 nobis
963 1667 1033 1723 sunt
1052 1658 1217 1742 imagines,
1240 1657 1310 1744 quis

259 1778 319 1844 Isus
338 1779 463 1863 semper
475 1786 606 1843 utamur.
629 1761 759 1843 ¹Rerum
775 1772 926 1842 memoria
938 1774 1074 1862 propria¹
1086 1785 1134 1841 est
1155 1768 1308 1856 oratoris}

261 1915 332 1962 earn
359 1893 494 1979 singulm
520 1897 666 1979 personis
692 1894 772 1960 bene
799 1897 911 1981 posius
935 1902 1045 1959 notare
1067 1913 1248 1981 possumus,
1276 1905 1308 1960 ut

260 2013 433 2078 sententias
465 2011 674 2096 imaginibus,
712 2012 854 2077 ordinem
883 2012 965 2079 loeis
998 2010 1306 2098 comprehendamus.

260 2129 334 2195 366.
355 2125 463 2214 Neque
485 2147 593 2194 verum
610 2139 667 2207 est,
690 2129 772 2216 quod
795 2128 834 2197 ab
857 2129 1008 2196 inertibus
1031 2129 1153 2208 dmitos,
1175 2131 1306 2217 opprimi

259 2250 441 2315 memoriam
457 2248 628 2331 imaginum
644 2247 783 2335 pondere
806 2259 836 2314 et
858 2242 1024 2314 obscurari
1044 2249 1139 2315 otiam
1160 2248 1202 2327 id,
1225 2249 1308 2335 quod

258 2461 309 2534 Lg.
328 2461 371 2518 81.
397 2462 461 2519 item
483 2472 548 2519 onte
572 2465 734 2520 Illustribus
759 2464 800 2520 15.
817 2465 861 2520 36.
882 2497 914 2508 -
946 2463 1113 2537 afflantibus]
1138 2464 1326 2538 ingentibus·

258 2547 329 2603 Vici.
346 2547 397 2619 Lg.
411 2548 428 2601 5
442 2566 512 2603 corr.
531 2549 558 2605 6.
576 2550 619 2604 36.
637 2550 679 2606 33.
699 2551 741 2606 35.
759 2552 802 2606 65.
821 2552 864 2606 67.
882 2550 916 2604 93
932 2568 959 2605 v.
975 2568 1001 2604 u.
1016 2559 1035 2605 t.
1054 2551 1093 2603 ita
1108 2549 1180 2605 ¹corr.
1198 2551 1240 2606 34.
1259 2552 1302 2607 81.

258 2630 422 2704 nigrantibus
442 2634 474 2688 16
491 2651 562 2689 corr.
583 2635 623 2691 73.
649 2636 722 2704 quod
741 2636 893 2689 cavendum
915 2636 1029 2704 nequis
1049 2635 1305 2708 elegantiusputet,
1392 2642 1397 2647 '

259 2735 339 2788 quam
357 2717 528 2789 aemulam,-
545 2736 601 2774 non
621 2730 663 2774 est
679 2721 751 2774 eninr
767 2721 819 2774 nisi
836 2721 951 2792 legentis
970 2736 1065 2773 errore
1085 2736 1119 2773 ex
1138 2721 1306 2793 inqentilus

258 2812 356 2858 ortum.
378 2834 409 2844 -
434 2820 587 2858 occurrere
606 2805 795 2876 celeriterque
809 2803 979 2878 percuttere]
998 2821 1058 2861 one.
1077 2805 1211 2859 celeriter
1227 2823 1305 2875 quae

254 2884 428 2960 percurrere
451 2887 501 2959 Irg.
525 2889 631 2945 5e0rr.
657 2900 686 2944 ut
707 2891 732 2945 6.
768 2907 920 2944 resumere
943 2890 1078 2944 celeriter
1102 2896 1131 2943 ei
1151 2897 1307 2962 pereutere

256 2973 282 3027 6.
306 2972 348 3027 36.
383 2990 494 3028 recum.
521 2974 657 3028 celeriter
680 2992 756 3045 quae
777 2983 934 3048 pereutere
957 2975 1000 3031 65.
1023 2975 1065 3030 76.
1091 2975 1133 3030 73.
1169 2974 1306 3029 celeriter

259 3073 414 3111 occurrere
429 3063 458 3110 et
473 3075 552 3130 pere.
571 3057 665 3115 Lamb.
699 3077 775 3129 qaeee
792 3070 943 3130 praetereo·
954 3059 1034 3115 codd.
1049 3059 1083 3115 V.
1102 3069 1130 3114 et
1144 3059 1215 3115 vies.
1240 3063 1305 3114 emi·

256 3159 394 3213 mumque
410 3149 567 3215 pereutere
589 3146 614 3199 t.
644 3131 822 3217 percurrere
843 3144 886 3200 33.
906 3145 949 3200 67.
968 3144 1011 3200 69.
1028 3175 1065 3185 -
1096 3151 1125 3198 et
1147 3144 1304 3216 similium]

256 3234 287 3282 et
311 3223 364 3283 orn.
388 3228 467 3283 codd.
492 3228 625 3299 plerique.
648 3261 679 3270 -
711 3229 869 3301 conversa]
894 3246 1036 3284 conserua
1059 3228 1110 3301 Lg.
1126 3229 1162 3297 V,
1186 3231 1305 3299 indeque

138 3304 144 3315 .
256 3311 376 3370 eiiicttrrn
402 3319 580 3366 conseruata
606 3314 634 3367 in
661 3315 722 3368 ollis
746 3313 819 3369 VIII.
855 3322 974 3369 servata
998 3315 1069 3371 Vici.
1094 3343 1130 3358 ·—
1158 3314 1304 3386 pictoris]

251 3400 387 3470 pectoris
411 3396 460 3467 ng.
478 3397 504 3452 3.
523 3397 548 3454 3.
567 3397 591 3453 a.
616 3397 657 3454 13.
678 3398 718 3453 II.
740 3399 780 3454 15.
799 3400 839 3454 16.
863 3399 906 3455 36.
926 3399 969 3455 31.
988 3398 1029 3454 33.
1049 3399 1092 3454 34.
1115 3399 1300 3455 32350011.

254 3481 297 3537 36.
315 3482 358 3536 65.
376 3482 418 3535 67.
437 3481 479 3536 69.
500 3482 541 3539 76.
560 3483 602 3539 73.
621 3483 663 3539 86.
682 3484 770 3552 Vici„
789 3484 889 3538 facturn
907 3502 942 3538 er
960 3488 1051 3559 plois.

344 3565 519 3622 LXXXVIII.
556 3567 615 3624 353.
653 3567 898 3640 quasi—>quad
922 3567 1103 3621 haecomnia
1126 3583 1178 3622 om.
1200 3566 1251 3639 ng.
1270 3566 1304 3622 33

255 3670 326 3707 corr.
344 3671 381 3694 —u
412 3651 528 3723 eorum]
554 3662 618 3723 pest
643 3654 841 3710 simulitudine
861 3653 939 3725 ponit
965 3652 1015 3723 hg.
1039 3654 1065 3707 3.
1089 3651 1115 3706 3.
1140 3653 1166 3707 6.
1192 3651 1234 3706 33.
1259 3652 1303 3706 63.

254 3736 307 3790 Gn.
324 3737 350 3791 3.
366 3764 402 3778 ·-
431 3737 516 3815 molis
536 3737 616 3810 sunl]
641 3740 696 3794 inv.
721 3738 779 3810 Ing:
790 3739 815 3794 3.
834 3739 858 3794 5.
885 3738 924 3793 13.
944 3737 984 3793 II.
1007 3737 1046 3792 15.
1068 3737 1110 3792 16.
1131 3737 1171 3792 17.
1194 3736 1238 3791 36.
1258 3736 1302 3790 31.

253 3820 297 3876 33.
315 3821 357 3876 m.
376 3822 419 3878 33.
438 3821 480 3878 35.
500 3823 543 3878 36.
562 3823 604 3877 65.
624 3823 667 3879 67.
685 3823 727 3879 aa.
749 3823 790 3878 70.
810 3823 851 3879 73.
869 3823 913 3878 86.
931 3821 973 3878 93.
993 3821 1065 3876 Viot.
1084 3821 1137 3877 Ga.
1151 3822 1187 3888 3.,
1206 3820 1302 3890 qulbus

253 3907 373 3961 fortasse
396 3907 546 3978 parendum
571 3907 629 3962 luit.
648 3937 684 3947 -
716 3906 861 3979 oratoria]
886 3911 1004 3961 oratori
1029 3906 1082 3979 Lg.
1099 3905 1124 3962 6.
1152 3915 1235 3960 antea
1258 3911 1303 3958 esi

254 4007 308 4045 om.
327 3989 379 4045 Gn.
395 3991 419 4045 l.
433 4019 469 4030 -
481 3990 658 4063 possiumus]
670 3995 825 4063 possimus
843 3991 894 4063 Lg.
910 3993 936 4048 3.
952 3993 977 4048 3.
995 3993 1021 4047 6.
1041 3993 1083 4049 13.
1100 3991 1142 4046 33.
1165 3988 1216 4044 Ga.
1231 3988 1257 4044 3.
1267 4018 1303 4033 ·-

170 4126 175 4150 ¹
255 4073 555 4146 comprehendamus]
572 4075 823 4148 commendamus
845 4075 896 4147 Lg.
914 4077 957 4134 34.
983 4077 1080 4134 (16.1.
1113 4072 1301 4147 eomprehen-

254 4156 382 4212 clendstm
402 4157 453 4214 Ga.
472 4158 497 4214 3.
665 4186 669 4195 ·
798 4188 802 4193 ·
