<?xml version="1.0" encoding="UTF-8"?>
<!DOCTYPE html PUBLIC "-//W3C//DTD XHTML 1.0 Transitional//EN"
    "http://www.w3.org/TR/xhtml1/DTD/xhtml1-transitional.dtd">
<html xmlns="http://www.w3.org/1999/xhtml" xml:lang="en" lang="en">
 <head>
  <title>
</title>
<meta http-equiv="Content-Type" content="text/html;charset=utf-8" />
  <meta name='ocr-system' content='tesseract 3.04.00' />
  <meta name='ocr-capabilities' content='ocr_page ocr_carea ocr_par ocr_line ocrx_word'/>
</head>
<body>
  <div class='ocr_page' id='page_1' title='image "./mtulliciceronis00ellegoog/mtulliciceronis00ellegoog_0358.png"; bbox 0 0 2938 4590; ppageno 0'>
   <div class='ocr_carea' id='block_1_1' title="bbox 414 230 1239 347">
    <p class='ocr_par' dir='ltr' id='par_1_1' title="bbox 414 230 1239 347">
     <span class='ocr_line' id='line_1_1' title="bbox 414 230 1239 347; baseline 0.011 -11"><span class='ocrx_word' id='word_1_1' title='bbox 414 230 473 336; x_wconf 79' lang='lat' dir='ltr'><strong>nn</strong></span> <span class='ocrx_word' id='word_1_2' title='bbox 502 268 734 339; x_wconf 83' lang='lat' dir='ltr'><strong>ounroun</strong></span> <span class='ocrx_word' id='word_1_3' title='bbox 761 268 886 338; x_wconf 77' lang='lat' dir='ltr'><strong>ursus</strong></span> <span class='ocrx_word' id='word_1_4' title='bbox 908 272 945 338; x_wconf 90' lang='lat' dir='ltr'><strong>n.</strong></span> <span class='ocrx_word' id='word_1_5' title='bbox 967 274 1019 339; x_wconf 83' lang='lat' dir='ltr'><strong>or.</strong></span> <span class='ocrx_word' id='word_1_6' title='bbox 1146 270 1239 347; x_wconf 79' lang='lat' dir='ltr'><strong>m</strong></span> 
     </span>
    </p>
   </div>
   <div class='ocr_carea' id='block_1_2' title="bbox 159 439 1282 2055">
    <p class='ocr_par' dir='ltr' id='par_1_2' title="bbox 187 439 1233 624">
     <span class='ocr_line' id='line_1_2' title="bbox 187 439 1233 526; baseline 0.001 -20"><span class='ocrx_word' id='word_1_7' title='bbox 187 441 379 524; x_wconf 75' lang='lat' dir='ltr'><strong>rongaria</strong></span> <span class='ocrx_word' id='word_1_8' title='bbox 404 458 541 525; x_wconf 85' lang='lat' dir='ltr'><strong>ususque</strong></span> <span class='ocrx_word' id='word_1_9' title='bbox 566 460 669 506; x_wconf 88' lang='lat' dir='ltr'><strong>rerum</strong></span> <span class='ocrx_word' id='word_1_10' title='bbox 695 443 912 518; x_wconf 77' lang='lat' dir='ltr'><strong>maximarum</strong></span> <span class='ocrx_word' id='word_1_11' title='bbox 939 440 975 507; x_wconf 73' lang='lat' dir='ltr'><strong>nt</strong></span> <span class='ocrx_word' id='word_1_12' title='bbox 999 439 1112 526; x_wconf 84' lang='lat' dir='ltr'><strong>quibus</strong></span> <span class='ocrx_word' id='word_1_13' title='bbox 1139 440 1233 507; x_wconf 85' lang='lat' dir='ltr'><strong>rebus</strong></span> 
     </span>
     <span class='ocr_line' id='line_1_3' title="bbox 191 557 890 624; baseline -0.003 0"><span class='ocrx_word' id='word_1_14' title='bbox 191 560 288 624; x_wconf 84' lang='lat' dir='ltr'><strong>nnimi</strong></span> <span class='ocrx_word' id='word_1_15' title='bbox 309 557 467 623; x_wconf 89' lang='lat' dir='ltr'><strong>hominum</strong></span> <span class='ocrx_word' id='word_1_16' title='bbox 487 567 684 624; x_wconf 81' lang='lat' dir='ltr'><strong>moverentur</strong></span> <span class='ocrx_word' id='word_1_17' title='bbox 704 569 890 623; x_wconf 78' lang='lat' dir='ltr'><strong>teneremus.</strong></span> 
     </span>
    </p>

    <p class='ocr_par' dir='ltr' id='par_1_3' title="bbox 186 654 1233 1003">
     <span class='ocr_line' id='line_1_4' title="bbox 274 654 1233 760; baseline 0.003 -22"><span class='ocrx_word' id='word_1_18' title='bbox 274 672 325 739; x_wconf 87' lang='lat' dir='ltr'><strong>LI.</strong></span> <span class='ocrx_word' id='word_1_19' title='bbox 359 673 431 747; x_wconf 77' lang='grc'><strong>206.</strong></span> <span class='ocrx_word' id='word_1_20' title='bbox 458 670 611 758; x_wconf 83' lang='lat' dir='ltr'><strong>Equidem</strong></span> <span class='ocrx_word' id='word_1_21' title='bbox 632 676 763 760; x_wconf 90' lang='lat' dir='ltr'><strong>primum</strong></span> <span class='ocrx_word' id='word_1_22' title='bbox 785 673 988 743; x_wconf 87' lang='lat' dir='ltr'><strong>considerare</strong></span> <span class='ocrx_word' id='word_1_23' title='bbox 1016 673 1105 740; x_wconf 88' lang='lat' dir='ltr'><strong>soleo</strong></span> <span class='ocrx_word' id='word_1_24' title='bbox 1119 654 1233 760; x_wconf 41' lang='lat' dir='ltr'><strong>&#39;postu-</strong></span> 
     </span>
     <span class='ocr_line' id='line_1_5' title="bbox 186 788 1230 876; baseline -0.003 -18"><span class='ocrx_word' id='word_1_25' title='bbox 186 793 270 858; x_wconf 78' lang='lat' dir='ltr'><strong>letne</strong></span> <span class='ocrx_word' id='word_1_26' title='bbox 301 809 408 857; x_wconf 82' lang='lat' dir='ltr'><strong>causa</strong></span> <span class='ocrx_word' id='word_1_27' title='bbox 465 788 545 861; x_wconf 89' lang='lat' dir='ltr'><strong>Nam</strong></span> <span class='ocrx_word' id='word_1_28' title='bbox 576 810 677 876; x_wconf 86' lang='lat' dir='ltr'><strong>neque</strong></span> <span class='ocrx_word' id='word_1_29' title='bbox 703 794 810 876; x_wconf 75' lang='lat' dir='ltr'><strong>parvis</strong></span> <span class='ocrx_word' id='word_1_30' title='bbox 842 793 875 856; x_wconf 87' lang='lat' dir='ltr'><strong>in</strong></span> <span class='ocrx_word' id='word_1_31' title='bbox 906 790 1000 858; x_wconf 86' lang='lat' dir='ltr'><strong>rebus</strong></span> <span class='ocrx_word' id='word_1_32' title='bbox 1020 790 1230 857; x_wconf 79' lang='lat' dir='ltr'><strong>adhibendae</strong></span> 
     </span>
     <span class='ocr_line' id='line_1_6' title="bbox 189 888 1231 1003; baseline -0.003 -29"><span class='ocrx_word' id='word_1_33' title='bbox 189 919 259 974; x_wconf 89' lang='lat' dir='ltr'><strong>sunt</strong></span> <span class='ocrx_word' id='word_1_34' title='bbox 287 907 348 973; x_wconf 87' lang='lat' dir='ltr'><strong>hae</strong></span> <span class='ocrx_word' id='word_1_35' title='bbox 380 907 504 973; x_wconf 90' lang='lat' dir='ltr'><strong>dicendi</strong></span> <span class='ocrx_word' id='word_1_36' title='bbox 537 907 625 973; x_wconf 86' lang='lat' dir='ltr'><strong>faces</strong></span> <span class='ocrx_word' id='word_1_37' title='bbox 657 927 757 993; x_wconf 86' lang='lat' dir='ltr'><strong>neque</strong></span> <span class='ocrx_word' id='word_1_38' title='bbox 790 910 835 973; x_wconf 83' lang='lat' dir='ltr'><strong>ita</strong></span> <span class='ocrx_word' id='word_1_39' title='bbox 867 909 1012 975; x_wconf 84' lang='lat' dir='ltr'><strong>animatis</strong></span> <span class='ocrx_word' id='word_1_40' title='bbox 1042 888 1231 1003; x_wconf 80' lang='lat' dir='ltr'><strong>hominibus,</strong></span> 
     </span>
    </p>

    <p class='ocr_par' dir='ltr' id='par_1_4' title="bbox 159 1012 1282 2055">
     <span class='ocr_line' id='line_1_7' title="bbox 159 1012 1231 1112; baseline -0.001 -21"><span class='ocrx_word' id='word_1_41' title='bbox 159 1012 218 1091; x_wconf 84' lang='lat' dir='ltr'><strong>¹ut</strong></span> <span class='ocrx_word' id='word_1_42' title='bbox 244 1024 322 1091; x_wconf 86' lang='lat' dir='ltr'>nihil</span> <span class='ocrx_word' id='word_1_43' title='bbox 353 1025 395 1090; x_wconf 86' lang='lat' dir='ltr'><strong>ad</strong></span> <span class='ocrx_word' id='word_1_44' title='bbox 424 1043 532 1090; x_wconf 89' lang='lat' dir='ltr'><strong>eorum</strong></span> <span class='ocrx_word' id='word_1_45' title='bbox 564 1026 675 1090; x_wconf 86' lang='lat' dir='ltr'><strong>mentis</strong></span> <span class='ocrx_word' id='word_1_46' title='bbox 706 1014 849 1092; x_wconf 80' lang='lat' dir='ltr'><strong>oratione</strong></span> <span class='ocrx_word' id='word_1_47' title='bbox 881 1025 1052 1091; x_wconf 77' lang='lat' dir='ltr'><strong>flectendas</strong></span> <span class='ocrx_word' id='word_1_48' title='bbox 1078 1023 1231 1112; x_wconf 80' lang='lat' dir='ltr'><strong>proicere</strong></span> 
     </span>
     <span class='ocr_line' id='line_1_8' title="bbox 184 1142 1230 1230; baseline -0.001 -21"><span class='ocrx_word' id='word_1_49' title='bbox 184 1144 351 1230; x_wconf 85' lang='lat' dir='ltr'><strong>possimus,</strong></span> <span class='ocrx_word' id='word_1_50' title='bbox 372 1161 412 1207; x_wconf 93' lang='lat' dir='ltr'><strong>ne</strong></span> <span class='ocrx_word' id='word_1_51' title='bbox 435 1150 488 1206; x_wconf 84' lang='lat' dir='ltr'><strong>aut</strong></span> <span class='ocrx_word' id='word_1_52' title='bbox 508 1142 655 1207; x_wconf 77' lang='lat' dir='ltr'><strong>irrisione</strong></span> <span class='ocrx_word' id='word_1_53' title='bbox 678 1152 730 1208; x_wconf 77' lang='lat' dir='ltr'><strong>auu</strong></span> <span class='ocrx_word' id='word_1_54' title='bbox 752 1143 825 1210; x_wconf 92' lang='lat' dir='ltr'><strong>odio</strong></span> <span class='ocrx_word' id='word_1_55' title='bbox 848 1143 935 1229; x_wconf 80' lang='lat' dir='ltr'><strong>digni</strong></span> <span class='ocrx_word' id='word_1_56' title='bbox 955 1153 1105 1230; x_wconf 88' lang='lat' dir='ltr'><strong>putemur,</strong></span> <span class='ocrx_word' id='word_1_57' title='bbox 1127 1144 1156 1208; x_wconf 87' lang='lat' dir='ltr'><strong>si</strong></span> <span class='ocrx_word' id='word_1_58' title='bbox 1176 1150 1230 1208; x_wconf 75' lang='lat' dir='ltr'><strong>eui</strong></span> 
     </span>
     <span class='ocr_line' id='line_1_9' title="bbox 182 1259 1229 1349; baseline -0.003 -23"><span class='ocrx_word' id='word_1_59' title='bbox 182 1260 366 1349; x_wconf 76' lang='lat' dir='ltr'><strong>tragoedias</strong></span> <span class='ocrx_word' id='word_1_60' title='bbox 398 1277 530 1343; x_wconf 78' lang='lat' dir='ltr'>agamus</span> <span class='ocrx_word' id='word_1_61' title='bbox 566 1261 600 1322; x_wconf 90' lang='lat' dir='ltr'><strong>in</strong></span> <span class='ocrx_word' id='word_1_62' title='bbox 626 1261 719 1343; x_wconf 80' lang='lat' dir='ltr'><strong>nugis</strong></span> <span class='ocrx_word' id='word_1_63' title='bbox 751 1270 810 1341; x_wconf 65' lang='lat' dir='ltr'><strong>aut</strong></span> <span class='ocrx_word' id='word_1_64' title='bbox 837 1260 1017 1327; x_wconf 84' lang='lat' dir='ltr'><strong>conuellere</strong></span> <span class='ocrx_word' id='word_1_65' title='bbox 1049 1259 1229 1325; x_wconf 79' lang='lat' dir='ltr'><strong>adoriamur</strong></span> 
     </span>
     <span class='ocr_line' id='line_1_10' title="bbox 183 1366 1227 1462; baseline -0.002 -19"><span class='ocrx_word' id='word_1_66' title='bbox 183 1397 240 1454; x_wconf 84' lang='lat' dir='ltr'><strong>ea,</strong></span> <span class='ocrx_word' id='word_1_67' title='bbox 273 1395 354 1462; x_wconf 86' lang='lat' dir='ltr'><strong>quae</strong></span> <span class='ocrx_word' id='word_1_68' title='bbox 379 1366 590 1462; x_wconf 85' lang='lat' dir='ltr'><strong>nonpossint</strong></span> <span class='ocrx_word' id='word_1_69' title='bbox 617 1378 814 1443; x_wconf 80' lang='lat' dir='ltr'><strong>commoveri.</strong></span> <span class='ocrx_word' id='word_1_70' title='bbox 866 1377 940 1443; x_wconf 77' lang='grc'><strong>206.</strong></span> <span class='ocrx_word' id='word_1_71' title='bbox 971 1375 1052 1443; x_wconf 89' lang='lat' dir='ltr'><strong>Nam</strong></span> <span class='ocrx_word' id='word_1_72' title='bbox 1080 1377 1227 1462; x_wconf 84' lang='lat' dir='ltr'><strong>quoniam</strong></span> 
     </span>
     <span class='ocr_line' id='line_1_11' title="bbox 182 1470 1229 1581; baseline 0 -21"><span class='ocrx_word' id='word_1_73' title='bbox 182 1494 264 1581; x_wconf 67' lang='lat' dir='ltr'><strong>liaeo</strong></span> <span class='ocrx_word' id='word_1_74' title='bbox 284 1493 352 1558; x_wconf 82' lang='lat' dir='ltr'><strong>fere</strong></span> <span class='ocrx_word' id='word_1_75' title='bbox 374 1470 507 1557; x_wconf 81' lang='lat' dir='ltr'><strong>maxime</strong></span> <span class='ocrx_word' id='word_1_76' title='bbox 531 1501 602 1556; x_wconf 86' lang='lat' dir='ltr'><strong>sunt</strong></span> <span class='ocrx_word' id='word_1_77' title='bbox 627 1493 661 1556; x_wconf 94' lang='lat' dir='ltr'><strong>in</strong></span> <span class='ocrx_word' id='word_1_78' title='bbox 681 1492 819 1565; x_wconf 89' lang='lat' dir='ltr'><strong>indicum</strong></span> <span class='ocrx_word' id='word_1_79' title='bbox 839 1495 951 1559; x_wconf 86' lang='lat' dir='ltr'><strong>animis</strong></span> <span class='ocrx_word' id='word_1_80' title='bbox 979 1504 1032 1559; x_wconf 84' lang='lat' dir='ltr'><strong>aut</strong></span> <span class='ocrx_word' id='word_1_81' title='bbox 1053 1496 1229 1580; x_wconf 83' lang='lat' dir='ltr'><strong>quicunqne</strong></span> 
     </span>
     <span class='ocr_line' id='line_1_12' title="bbox 182 1608 1228 1693; baseline -0.002 -16"><span class='ocrx_word' id='word_1_82' title='bbox 182 1612 358 1686; x_wconf 79' lang='lat' dir='ltr'><strong>illiorum,</strong></span> <span class='ocrx_word' id='word_1_83' title='bbox 386 1608 468 1693; x_wconf 90' lang='lat' dir='ltr'><strong>apud</strong></span> <span class='ocrx_word' id='word_1_84' title='bbox 491 1627 573 1692; x_wconf 70' lang='lat' dir='ltr'><strong>,quos</strong></span> <span class='ocrx_word' id='word_1_85' title='bbox 597 1626 742 1691; x_wconf 78' lang='lat' dir='ltr'><strong>agemus,</strong></span> <span class='ocrx_word' id='word_1_86' title='bbox 770 1611 913 1674; x_wconf 88' lang='lat' dir='ltr'><strong>oratione</strong></span> <span class='ocrx_word' id='word_1_87' title='bbox 939 1609 1111 1687; x_wconf 86' lang='lat' dir='ltr'><strong>molienda,</strong></span> <span class='ocrx_word' id='word_1_88' title='bbox 1138 1628 1228 1675; x_wconf 87' lang='lat' dir='ltr'><strong>amor</strong></span> 
     </span>
     <span class='ocr_line' id='line_1_13' title="bbox 182 1724 1228 1810; baseline -0.003 -17"><span class='ocrx_word' id='word_1_89' title='bbox 182 1727 288 1794; x_wconf 89' lang='lat' dir='ltr'><strong>odium</strong></span> <span class='ocrx_word' id='word_1_90' title='bbox 314 1724 478 1789; x_wconf 84' lang='lat' dir='ltr'><strong>iracundia</strong></span> <span class='ocrx_word' id='word_1_91' title='bbox 503 1725 624 1790; x_wconf 83' lang='lat' dir='ltr'><strong>invidia</strong></span> <span class='ocrx_word' id='word_1_92' title='bbox 649 1725 868 1790; x_wconf 75' lang='lat' dir='ltr'><strong>misericordia</strong></span> <span class='ocrx_word' id='word_1_93' title='bbox 895 1744 968 1810; x_wconf 90' lang='lat' dir='ltr'><strong>spes</strong></span> <span class='ocrx_word' id='word_1_94' title='bbox 992 1724 1115 1790; x_wconf 79' lang='lat' dir='ltr'><strong>laetitia</strong></span> <span class='ocrx_word' id='word_1_95' title='bbox 1134 1727 1228 1791; x_wconf 86' lang='lat' dir='ltr'><strong>timor</strong></span> 
     </span>
     <span class='ocr_line' id='line_1_14' title="bbox 184 1839 1231 1927; baseline -0.002 -19"><span class='ocrx_word' id='word_1_96' title='bbox 184 1841 345 1908; x_wconf 79' lang='lat' dir='ltr'><strong>molestia:</strong></span> <span class='ocrx_word' id='word_1_97' title='bbox 369 1842 516 1906; x_wconf 86' lang='lat' dir='ltr'><strong>sentimus</strong></span> <span class='ocrx_word' id='word_1_98' title='bbox 535 1861 672 1908; x_wconf 88' lang='lat' dir='ltr'><strong>amorem</strong></span> <span class='ocrx_word' id='word_1_99' title='bbox 691 1840 865 1919; x_wconf 89' lang='lat' dir='ltr'><strong>conciliari,</strong></span> <span class='ocrx_word' id='word_1_100' title='bbox 888 1843 917 1905; x_wconf 87' lang='lat' dir='ltr'><strong>si</strong></span> <span class='ocrx_word' id='word_1_101' title='bbox 936 1840 969 1906; x_wconf 95' lang='lat' dir='ltr'><strong>id</strong></span> <span class='ocrx_word' id='word_1_102' title='bbox 984 1840 1123 1917; x_wconf 83' lang='lat' dir='ltr'><strong>videare,</strong></span> <span class='ocrx_word' id='word_1_103' title='bbox 1144 1839 1231 1927; x_wconf 86' lang='lat' dir='ltr'><strong>qnod</strong></span> 
     </span>
     <span class='ocr_line' id='line_1_15' title="bbox 182 1958 1282 2055; baseline 0.001 -31"><span class='ocrx_word' id='word_1_104' title='bbox 182 1961 223 2024; x_wconf 85' lang='lat' dir='ltr'><strong>sit</strong></span> <span class='ocrx_word' id='word_1_105' title='bbox 248 1959 323 2024; x_wconf 77' lang='lat' dir='ltr'><strong>nuile</strong></span> <span class='ocrx_word' id='word_1_106' title='bbox 350 1959 442 2044; x_wconf 86' lang='lat' dir='ltr'><strong>ipsis,</strong></span> <span class='ocrx_word' id='word_1_107' title='bbox 475 1958 557 2045; x_wconf 89' lang='lat' dir='ltr'><strong>apud</strong></span> <span class='ocrx_word' id='word_1_108' title='bbox 583 1979 661 2046; x_wconf 91' lang='lat' dir='ltr'><strong>quos</strong></span> <span class='ocrx_word' id='word_1_109' title='bbox 689 1978 783 2044; x_wconf 81' lang='lat' dir='ltr'><strong>agas,</strong></span> <span class='ocrx_word' id='word_1_110' title='bbox 812 1958 1001 2037; x_wconf 79' lang='lat' dir='ltr'><strong>defendere3</strong></span> <span class='ocrx_word' id='word_1_111' title='bbox 1034 1968 1087 2024; x_wconf 86' lang='lat' dir='ltr'><strong>aut</strong></span> <span class='ocrx_word' id='word_1_112' title='bbox 1113 1959 1143 2024; x_wconf 89' lang='lat' dir='ltr'><strong>si</strong></span> <span class='ocrx_word' id='word_1_113' title='bbox 1169 1976 1228 2049; x_wconf 88' lang='lat' dir='ltr'><strong>pro</strong></span> <span class='ocrx_word' id='word_1_114' title='bbox 1280 2040 1282 2055; x_wconf 35' lang='grc'>1</span> 
     </span>
    </p>
   </div>
   <div class='ocr_carea' id='block_1_3' title="bbox 177 2182 1226 2513">
    <p class='ocr_par' dir='ltr' id='par_1_5' title="bbox 177 2182 1226 2513">
     <span class='ocr_line' id='line_1_16' title="bbox 179 2182 1226 2265; baseline 0.001 -21"><span class='ocrx_word' id='word_1_115' title='bbox 179 2195 208 2244; x_wconf 82' lang='lat' dir='ltr'><strong>et</strong></span> <span class='ocrx_word' id='word_1_116' title='bbox 232 2188 368 2258; x_wconf 71' lang='lat' dir='ltr'><strong>equidem</strong></span> <span class='ocrx_word' id='word_1_117' title='bbox 388 2190 428 2245; x_wconf 87' lang='lat'><strong>17.</strong></span> <span class='ocrx_word' id='word_1_118' title='bbox 445 2192 487 2246; x_wconf 72' lang='grc'><strong>70.</strong></span> <span class='ocrx_word' id='word_1_119' title='bbox 512 2191 545 2246; x_wconf 94' lang='grc'><strong>76</strong></span> <span class='ocrx_word' id='word_1_120' title='bbox 562 2182 632 2246; x_wconf 81' lang='lat' dir='ltr'><strong>corr.</strong></span> <span class='ocrx_word' id='word_1_121' title='bbox 653 2221 689 2234; x_wconf 85' lang='lat'><strong>·-</strong></span> <span class='ocrx_word' id='word_1_122' title='bbox 716 2192 884 2264; x_wconf 63' lang='lat' dir='ltr'><strong>postuletne</strong></span> <span class='ocrx_word' id='word_1_123' title='bbox 906 2191 1013 2262; x_wconf 85' lang='lat' dir='ltr'><strong>cansa]</strong></span> <span class='ocrx_word' id='word_1_124' title='bbox 1034 2191 1226 2265; x_wconf 73' lang='lat' dir='ltr'><strong>postulandae</strong></span> 
     </span>
     <span class='ocr_line' id='line_1_17' title="bbox 179 2272 1224 2345; baseline -0.001 -17"><span class='ocrx_word' id='word_1_125' title='bbox 179 2291 289 2328; x_wconf 79' lang='lat' dir='ltr'><strong>causae</strong></span> <span class='ocrx_word' id='word_1_126' title='bbox 305 2272 355 2343; x_wconf 82' lang='lat' dir='ltr'><strong>Lg.</strong></span> <span class='ocrx_word' id='word_1_127' title='bbox 368 2273 393 2328; x_wconf 75' lang='grc'><strong>2.</strong></span> <span class='ocrx_word' id='word_1_128' title='bbox 413 2277 488 2344; x_wconf 88' lang='lat' dir='ltr'><strong>prius</strong></span> <span class='ocrx_word' id='word_1_129' title='bbox 506 2276 587 2328; x_wconf 82' lang='lat' dir='ltr'><strong>etiam</strong></span> <span class='ocrx_word' id='word_1_130' title='bbox 605 2276 646 2329; x_wconf 93' lang='grc'><strong>13.</strong></span> <span class='ocrx_word' id='word_1_131' title='bbox 659 2277 701 2330; x_wconf 76' lang='grc'><strong>30.</strong></span> <span class='ocrx_word' id='word_1_132' title='bbox 714 2276 757 2331; x_wconf 90' lang='grc'><strong>36.</strong></span> <span class='ocrx_word' id='word_1_133' title='bbox 787 2293 910 2330; x_wconf 82' lang='lat' dir='ltr'><strong>eausam</strong></span> <span class='ocrx_word' id='word_1_134' title='bbox 929 2276 980 2331; x_wconf 86' lang='lat' dir='ltr'><strong>Gn.</strong></span> <span class='ocrx_word' id='word_1_135' title='bbox 993 2277 1019 2331; x_wconf 83' lang='lat'><strong>3.</strong></span> <span class='ocrx_word' id='word_1_136' title='bbox 1046 2276 1123 2330; x_wconf 79' lang='lat' dir='ltr'><strong>idem</strong></span> <span class='ocrx_word' id='word_1_137' title='bbox 1140 2277 1224 2345; x_wconf 87' lang='lat' dir='ltr'><strong>panio</strong></span> 
     </span>
     <span class='ocr_line' id='line_1_18' title="bbox 178 2356 1224 2431; baseline 0.002 -23"><span class='ocrx_word' id='word_1_138' title='bbox 178 2366 242 2427; x_wconf 83' lang='lat' dir='ltr'><strong>post</strong></span> <span class='ocrx_word' id='word_1_139' title='bbox 265 2373 318 2408; x_wconf 88' lang='lat' dir='ltr'><strong>om.</strong></span> <span class='ocrx_word' id='word_1_140' title='bbox 337 2372 416 2419; x_wconf 77' lang='lat' dir='ltr'><strong>nam,</strong></span> <span class='ocrx_word' id='word_1_141' title='bbox 434 2385 471 2396; x_wconf 89' lang='lat'><em>-</em></span> <span class='ocrx_word' id='word_1_142' title='bbox 502 2357 650 2427; x_wconf 72' lang='lat' dir='ltr'><strong>oratione]</strong></span> <span class='ocrx_word' id='word_1_143' title='bbox 668 2364 785 2412; x_wconf 77' lang='lat' dir='ltr'><strong>ratione</strong></span> <span class='ocrx_word' id='word_1_144' title='bbox 802 2360 855 2415; x_wconf 85' lang='lat' dir='ltr'><strong>Gn.</strong></span> <span class='ocrx_word' id='word_1_145' title='bbox 875 2358 951 2413; x_wconf 90' lang='grc'><strong>3.’-</strong></span> <span class='ocrx_word' id='word_1_146' title='bbox 977 2356 1134 2431; x_wconf 77' lang='lat' dir='ltr'><strong>proficere]</strong></span> <span class='ocrx_word' id='word_1_147' title='bbox 1155 2375 1224 2429; x_wconf 83' lang='lat' dir='ltr'><strong>per-</strong></span> 
     </span>
     <span class='ocr_line' id='line_1_19' title="bbox 177 2438 1225 2513; baseline 0.001 -21"><span class='ocrx_word' id='word_1_148' title='bbox 177 2441 269 2510; x_wconf 78' lang='lat' dir='ltr'><strong>ficere</strong></span> <span class='ocrx_word' id='word_1_149' title='bbox 284 2438 419 2507; x_wconf 51' lang='grc'><strong>17114.-</strong></span> <span class='ocrx_word' id='word_1_150' title='bbox 433 2440 598 2512; x_wconf 75' lang='lat' dir='ltr'><strong>possimus]</strong></span> <span class='ocrx_word' id='word_1_151' title='bbox 615 2458 771 2512; x_wconf 84' lang='lat' dir='ltr'><strong>possumus</strong></span> <span class='ocrx_word' id='word_1_152' title='bbox 787 2441 837 2512; x_wconf 66' lang='lat' dir='ltr'><strong>Ing.</strong></span> <span class='ocrx_word' id='word_1_153' title='bbox 852 2442 1054 2496; x_wconf 71' lang='lat' dir='ltr'><strong>sacranda</strong></span> <span class='ocrx_word' id='word_1_154' title='bbox 1065 2457 1225 2513; x_wconf 78' lang='lat' dir='ltr'><strong>possemus</strong></span> 
     </span>
    </p>
   </div>
   <div class='ocr_carea' id='block_1_4' title="bbox 57 2512 1224 2681">
    <p class='ocr_par' dir='ltr' id='par_1_6' title="bbox 57 2512 1224 2681">
     <span class='ocr_line' id='line_1_20' title="bbox 57 2512 1223 2599; baseline -0.002 -22"><span class='ocrx_word' id='word_1_155' title='bbox 57 2512 65 2526; x_wconf 68' lang='lat'>⁸</span> <span class='ocrx_word' id='word_1_156' title='bbox 179 2523 220 2578; x_wconf 91' lang='grc'><strong>13.</strong></span> <span class='ocrx_word' id='word_1_157' title='bbox 236 2522 278 2578; x_wconf 72' lang='grc'><strong>33.</strong></span> <span class='ocrx_word' id='word_1_158' title='bbox 299 2522 351 2575; x_wconf 87' lang='lat' dir='ltr'><strong>Gn.</strong></span> <span class='ocrx_word' id='word_1_159' title='bbox 365 2522 390 2576; x_wconf 90' lang='grc'><strong>3.</strong></span> <span class='ocrx_word' id='word_1_160' title='bbox 407 2552 442 2562; x_wconf 83' lang='grc'><strong>-</strong></span> <span class='ocrx_word' id='word_1_161' title='bbox 461 2515 612 2593; x_wconf 71' lang='lat' dir='ltr'><strong>irrisione]</strong></span> <span class='ocrx_word' id='word_1_162' title='bbox 631 2528 712 2578; x_wconf 81' lang='lat' dir='ltr'><strong>inrds.</strong></span> <span class='ocrx_word' id='word_1_163' title='bbox 732 2525 781 2595; x_wconf 74' lang='lat' dir='ltr'><strong>hg.</strong></span> <span class='ocrx_word' id='word_1_164' title='bbox 797 2524 838 2579; x_wconf 74' lang='grc'><strong>33.</strong></span> <span class='ocrx_word' id='word_1_165' title='bbox 852 2525 894 2579; x_wconf 87' lang='grc'><strong>65.</strong></span> <span class='ocrx_word' id='word_1_166' title='bbox 910 2525 951 2599; x_wconf 67' lang='grc' dir='ltr'><strong>70τ</strong></span> <span class='ocrx_word' id='word_1_167' title='bbox 964 2524 1004 2578; x_wconf 92' lang='grc'><strong>73.</strong></span> <span class='ocrx_word' id='word_1_168' title='bbox 1019 2554 1054 2564; x_wconf 92' lang='grc'><strong>-</strong></span> <span class='ocrx_word' id='word_1_169' title='bbox 1069 2522 1223 2596; x_wconf 81' lang='lat' dir='ltr'><strong>putemur]</strong></span> 
     </span>
     <span class='ocr_line' id='line_1_21' title="bbox 82 2605 1224 2681; baseline -0.003 -19"><span class='ocrx_word' id='word_1_170' title='bbox 82 2623 92 2627; x_wconf 73' lang='grc'><strong><em>’</em></strong></span> <span class='ocrx_word' id='word_1_171' title='bbox 173 2614 356 2681; x_wconf 81' lang='lat' dir='ltr'><strong>putaremur</strong></span> <span class='ocrx_word' id='word_1_172' title='bbox 377 2605 427 2677; x_wconf 76' lang='lat' dir='ltr'><strong>ng.</strong></span> <span class='ocrx_word' id='word_1_173' title='bbox 451 2606 476 2661; x_wconf 84' lang='lat'><strong>5.</strong></span> <span class='ocrx_word' id='word_1_174' title='bbox 502 2606 542 2660; x_wconf 88' lang='grc'><strong>15.</strong></span> <span class='ocrx_word' id='word_1_175' title='bbox 565 2607 607 2661; x_wconf 75' lang='lat' dir='ltr'><strong>nd.</strong></span> <span class='ocrx_word' id='word_1_176' title='bbox 632 2608 674 2663; x_wconf 83' lang='lat'><strong>70.</strong></span> <span class='ocrx_word' id='word_1_177' title='bbox 698 2607 740 2662; x_wconf 89' lang='grc'><strong>66.</strong></span> <span class='ocrx_word' id='word_1_178' title='bbox 767 2613 804 2649; x_wconf 74' lang='lat'><strong>&#39;-</strong></span> <span class='ocrx_word' id='word_1_179' title='bbox 832 2606 1001 2676; x_wconf 79' lang='lat' dir='ltr'><strong>donceddere]</strong></span> <span class='ocrx_word' id='word_1_180' title='bbox 1027 2625 1095 2661; x_wconf 83' lang='lat' dir='ltr'><strong>enm</strong></span> <span class='ocrx_word' id='word_1_181' title='bbox 1119 2606 1224 2660; x_wconf 85' lang='lat' dir='ltr'><strong>cellere</strong></span> 
     </span>
    </p>
   </div>
   <div class='ocr_carea' id='block_1_5' title="bbox 176 2690 1222 2837">
    <p class='ocr_par' dir='ltr' id='par_1_7' title="bbox 176 2690 1222 2837">
     <span class='ocr_line' id='line_1_22' title="bbox 177 2690 1222 2764; baseline 0.001 -18"><span class='ocrx_word' id='word_1_182' title='bbox 177 2693 232 2746; x_wconf 85' lang='lat' dir='ltr'><strong>Gn.</strong></span> <span class='ocrx_word' id='word_1_183' title='bbox 249 2690 274 2745; x_wconf 89' lang='grc'><strong>3.</strong></span> <span class='ocrx_word' id='word_1_184' title='bbox 294 2721 330 2732; x_wconf 80' lang='lat'><strong>—-</strong></span> <span class='ocrx_word' id='word_1_185' title='bbox 353 2690 492 2762; x_wconf 74' lang='lat' dir='ltr'><strong>possint]</strong></span> <span class='ocrx_word' id='word_1_186' title='bbox 512 2700 638 2763; x_wconf 78' lang='lat' dir='ltr'><strong>possunt</strong></span> <span class='ocrx_word' id='word_1_187' title='bbox 658 2693 708 2764; x_wconf 78' lang='lat' dir='ltr'><strong>ng.</strong></span> <span class='ocrx_word' id='word_1_188' title='bbox 729 2693 754 2747; x_wconf 93' lang='grc'><strong>3.</strong></span> <span class='ocrx_word' id='word_1_189' title='bbox 773 2694 790 2746; x_wconf 93' lang='grc'><strong>4</strong></span> <span class='ocrx_word' id='word_1_190' title='bbox 815 2694 841 2747; x_wconf 96' lang='grc'><strong>6.</strong></span> <span class='ocrx_word' id='word_1_191' title='bbox 867 2693 907 2746; x_wconf 85' lang='grc'><strong>14</strong></span> <span class='ocrx_word' id='word_1_192' title='bbox 929 2692 972 2747; x_wconf 76' lang='lat'><strong>20.</strong></span> <span class='ocrx_word' id='word_1_193' title='bbox 990 2691 1033 2747; x_wconf 78' lang='lat'><strong>21.</strong></span> <span class='ocrx_word' id='word_1_194' title='bbox 1054 2691 1096 2747; x_wconf 72' lang='lat' dir='ltr'><strong>nd.</strong></span> <span class='ocrx_word' id='word_1_195' title='bbox 1117 2690 1160 2747; x_wconf 72' lang='grc'><strong>33.</strong></span> <span class='ocrx_word' id='word_1_196' title='bbox 1179 2691 1222 2747; x_wconf 88' lang='grc'><strong>70.</strong></span> 
     </span>
     <span class='ocr_line' id='line_1_23' title="bbox 176 2774 1017 2837; baseline -0.005 -6"><span class='ocrx_word' id='word_1_197' title='bbox 176 2793 233 2831; x_wconf 88' lang='lat' dir='ltr'><strong>non</strong></span> <span class='ocrx_word' id='word_1_198' title='bbox 255 2774 384 2829; x_wconf 80' lang='lat' dir='ltr'><strong>deterius.</strong></span> <span class='ocrx_word' id='word_1_199' title='bbox 489 2830 495 2837; x_wconf 66' lang='lat'><em>,</em></span> <span class='ocrx_word' id='word_1_200' title='bbox 1010 2783 1017 2787; x_wconf 87' lang='grc'><em>“</em></span> 
     </span>
    </p>
   </div>
   <div class='ocr_carea' id='block_1_6' title="bbox 177 2892 1223 3048">
    <p class='ocr_par' dir='ltr' id='par_1_8' title="bbox 177 2892 1223 3048">
     <span class='ocr_line' id='line_1_24' title="bbox 265 2892 1223 2965; baseline 0.001 -19"><span class='ocrx_word' id='word_1_201' title='bbox 265 2892 325 2946; x_wconf 74' lang='grc'><strong>306.</strong></span> <span class='ocrx_word' id='word_1_202' title='bbox 362 2908 434 2945; x_wconf 83' lang='lat' dir='ltr'><strong>nana</strong></span> <span class='ocrx_word' id='word_1_203' title='bbox 451 2894 606 2964; x_wconf 76' lang='lat' dir='ltr'><strong>quondam]</strong></span> <span class='ocrx_word' id='word_1_204' title='bbox 628 2892 754 2964; x_wconf 78' lang='lat' dir='ltr'><strong>Madvigi</strong></span> <span class='ocrx_word' id='word_1_205' title='bbox 773 2895 953 2965; x_wconf 82' lang='lat' dir='ltr'><strong>suspicionem</strong></span> <span class='ocrx_word' id='word_1_206' title='bbox 977 2896 1040 2948; x_wconf 73' lang='lat' dir='ltr'><strong>iam</strong></span> <span class='ocrx_word' id='word_1_207' title='bbox 1062 2892 1223 2963; x_wconf 75' lang='lat' dir='ltr'><strong>corrigentis</strong></span> 
     </span>
     <span class='ocr_line' id='line_1_25' title="bbox 177 2978 1222 3048; baseline 0 -18"><span class='ocrx_word' id='word_1_208' title='bbox 177 2978 261 3047; x_wconf 83' lang='lat' dir='ltr'><strong>panio</strong></span> <span class='ocrx_word' id='word_1_209' title='bbox 280 2978 368 3031; x_wconf 85' lang='lat' dir='ltr'><strong>minus</strong></span> <span class='ocrx_word' id='word_1_210' title='bbox 386 2978 561 3032; x_wconf 82' lang='lat' dir='ltr'><strong>considerate</strong></span> <span class='ocrx_word' id='word_1_211' title='bbox 577 2980 706 3048; x_wconf 85' lang='lat' dir='ltr'><strong>probavit</strong></span> <span class='ocrx_word' id='word_1_212' title='bbox 717 2979 894 3033; x_wconf 85' lang='lat' dir='ltr'><strong>Henrichsen.</strong></span> <span class='ocrx_word' id='word_1_213' title='bbox 921 2979 955 3033; x_wconf 88' lang='lat' dir='ltr'><strong>V.</strong></span> <span class='ocrx_word' id='word_1_214' title='bbox 969 2978 1222 3048; x_wconf 79' lang='lat' dir='ltr'><strong>explicationes.—</strong></span> 
     </span>
    </p>
   </div>
   <div class='ocr_carea' id='block_1_7' title="bbox 178 3060 1360 3134">
    <p class='ocr_par' dir='ltr' id='par_1_9' title="bbox 178 3060 1360 3134">
     <span class='ocr_line' id='line_1_26' title="bbox 178 3060 1360 3134; baseline 0 -21"><span class='ocrx_word' id='word_1_215' title='bbox 178 3061 276 3133; x_wconf 77' lang='lat' dir='ltr'><strong>apnd]</strong></span> <span class='ocrx_word' id='word_1_216' title='bbox 296 3061 559 3134; x_wconf 51' lang='grc' dir='ltr'><strong>(773011ιὸ64-</strong></span> <span class='ocrx_word' id='word_1_217' title='bbox 588 3066 618 3117; x_wconf 77' lang='lat' dir='ltr'><strong>si</strong></span> <span class='ocrx_word' id='word_1_218' title='bbox 634 3063 667 3116; x_wconf 78' lang='lat' dir='ltr'><strong>dd</strong></span> <span class='ocrx_word' id='word_1_219' title='bbox 690 3067 755 3116; x_wconf 78' lang='lat' dir='ltr'><strong>inre</strong></span> <span class='ocrx_word' id='word_1_220' title='bbox 773 3064 894 3117; x_wconf 77' lang='lat' dir='ltr'><strong>videare</strong></span> <span class='ocrx_word' id='word_1_221' title='bbox 909 3093 945 3103; x_wconf 89' lang='lat'><em>-</em></span> <span class='ocrx_word' id='word_1_222' title='bbox 962 3060 1133 3132; x_wconf 80' lang='lat' dir='ltr'><strong>defendere]</strong></span> <span class='ocrx_word' id='word_1_223' title='bbox 1153 3060 1228 3115; x_wconf 82' lang='lat' dir='ltr'><strong>haec</strong></span> <span class='ocrx_word' id='word_1_224' title='bbox 1256 3100 1263 3112; x_wconf 69' lang='grc'><strong>.</strong></span> <span class='ocrx_word' id='word_1_225' title='bbox 1348 3087 1360 3099; x_wconf 83' lang='grc'><em>·</em></span> 
     </span>
    </p>
   </div>
   <div class='ocr_carea' id='block_1_8' title="bbox 138 3145 1228 4145">
    <p class='ocr_par' dir='ltr' id='par_1_10' title="bbox 138 3145 1228 4145">
     <span class='ocr_line' id='line_1_27' title="bbox 177 3145 1223 3217; baseline 0 -19"><span class='ocrx_word' id='word_1_226' title='bbox 177 3145 232 3199; x_wconf 82' lang='grc' dir='ltr'><strong>1οοί</strong></span> <span class='ocrx_word' id='word_1_227' title='bbox 244 3146 379 3215; x_wconf 85' lang='lat' dir='ltr'><strong>scripturo</strong></span> <span class='ocrx_word' id='word_1_228' title='bbox 396 3146 507 3201; x_wconf 86' lang='lat' dir='ltr'><strong>multum</strong></span> <span class='ocrx_word' id='word_1_229' title='bbox 520 3147 702 3217; x_wconf 78' lang='lat' dir='ltr'><strong>discrepantis</strong></span> <span class='ocrx_word' id='word_1_230' title='bbox 720 3148 879 3213; x_wconf 79' lang='lat' dir='ltr'><strong>restituendi</strong></span> <span class='ocrx_word' id='word_1_231' title='bbox 897 3147 967 3200; x_wconf 83' lang='lat' dir='ltr'><strong>ratio</strong></span> <span class='ocrx_word' id='word_1_232' title='bbox 981 3147 1097 3200; x_wconf 79' lang='lat' dir='ltr'><strong>maxime</strong></span> <span class='ocrx_word' id='word_1_233' title='bbox 1113 3146 1223 3200; x_wconf 79' lang='lat' dir='ltr'><strong>uidetur</strong></span> 
     </span>
     <span class='ocr_line' id='line_1_28' title="bbox 177 3230 1221 3302; baseline 0.002 -20"><span class='ocrx_word' id='word_1_234' title='bbox 177 3230 335 3299; x_wconf 79' lang='lat' dir='ltr'><strong>probabilis.</strong></span> <span class='ocrx_word' id='word_1_235' title='bbox 371 3230 429 3284; x_wconf 88' lang='lat' dir='ltr'><strong>Pro</strong></span> <span class='ocrx_word' id='word_1_236' title='bbox 452 3235 517 3285; x_wconf 74' lang='lat' dir='ltr'><strong>inre</strong></span> <span class='ocrx_word' id='word_1_237' title='bbox 539 3240 581 3284; x_wconf 84' lang='lat' dir='ltr'><strong>est</strong></span> <span class='ocrx_word' id='word_1_238' title='bbox 598 3232 672 3285; x_wconf 84' lang='lat' dir='ltr'><strong>nelle</strong></span> <span class='ocrx_word' id='word_1_239' title='bbox 696 3233 724 3285; x_wconf 85' lang='lat' dir='ltr'><strong>in</strong></span> <span class='ocrx_word' id='word_1_240' title='bbox 747 3231 836 3287; x_wconf 85' lang='lat' dir='ltr'><strong>Havn.</strong></span> <span class='ocrx_word' id='word_1_241' title='bbox 856 3230 888 3284; x_wconf 90' lang='lat' dir='ltr'><strong>A.</strong></span> <span class='ocrx_word' id='word_1_242' title='bbox 912 3230 980 3287; x_wconf 86' lang='lat' dir='ltr'><strong>VSt.</strong></span> <span class='ocrx_word' id='word_1_243' title='bbox 1003 3230 1054 3302; x_wconf 82' lang='lat' dir='ltr'><strong>Lg.</strong></span> <span class='ocrx_word' id='word_1_244' title='bbox 1072 3230 1098 3286; x_wconf 91' lang='grc'><strong>3.</strong></span> <span class='ocrx_word' id='word_1_245' title='bbox 1119 3231 1159 3285; x_wconf 83' lang='grc'><strong>16.</strong></span> <span class='ocrx_word' id='word_1_246' title='bbox 1178 3230 1221 3284; x_wconf 73' lang='grc'><strong>24.</strong></span> 
     </span>
     <span class='ocr_line' id='line_1_29' title="bbox 177 3313 1221 3387; baseline 0 -19"><span class='ocrx_word' id='word_1_247' title='bbox 177 3313 220 3368; x_wconf 77' lang='grc'><strong>33.</strong></span> <span class='ocrx_word' id='word_1_248' title='bbox 240 3314 282 3368; x_wconf 87' lang='grc'><strong>66.</strong></span> <span class='ocrx_word' id='word_1_249' title='bbox 308 3313 360 3367; x_wconf 87' lang='lat' dir='ltr'><strong>Gu.</strong></span> <span class='ocrx_word' id='word_1_250' title='bbox 378 3314 403 3369; x_wconf 74' lang='grc'><strong>3.</strong></span> <span class='ocrx_word' id='word_1_251' title='bbox 441 3314 550 3369; x_wconf 87' lang='lat' dir='ltr'><strong>Deinde</strong></span> <span class='ocrx_word' id='word_1_252' title='bbox 574 3316 693 3369; x_wconf 80' lang='lat' dir='ltr'><strong>videare</strong></span> <span class='ocrx_word' id='word_1_253' title='bbox 716 3332 767 3385; x_wconf 91' lang='lat' dir='ltr'><strong>pro</strong></span> <span class='ocrx_word' id='word_1_254' title='bbox 789 3314 943 3368; x_wconf 76' lang='lat' dir='ltr'><strong>uideamur</strong></span> <span class='ocrx_word' id='word_1_255' title='bbox 958 3313 1064 3387; x_wconf 67' lang='lat' dir='ltr'><strong>debent</strong></span> <span class='ocrx_word' id='word_1_256' title='bbox 1086 3314 1176 3369; x_wconf 83' lang='lat' dir='ltr'><strong>Havn.</strong></span> <span class='ocrx_word' id='word_1_257' title='bbox 1197 3313 1221 3368; x_wconf 88' lang='grc'><strong>1.</strong></span> 
     </span>
     <span class='ocr_line' id='line_1_30' title="bbox 146 3396 1222 3468; baseline 0.001 -18"><span class='ocrx_word' id='word_1_258' title='bbox 146 3411 150 3417; x_wconf 85' lang='lat'><em>·</em></span> <span class='ocrx_word' id='word_1_259' title='bbox 179 3415 220 3467; x_wconf 93' lang='lat' dir='ltr'><strong>pr.</strong></span> <span class='ocrx_word' id='word_1_260' title='bbox 234 3415 269 3450; x_wconf 84' lang='lat' dir='ltr'><strong>nn.</strong></span> <span class='ocrx_word' id='word_1_261' title='bbox 286 3396 347 3468; x_wconf 57' lang='lat' dir='ltr'><strong>hg„</strong></span> <span class='ocrx_word' id='word_1_262' title='bbox 365 3399 388 3452; x_wconf 88' lang='lat' dir='ltr'><strong>si</strong></span> <span class='ocrx_word' id='word_1_263' title='bbox 406 3407 481 3452; x_wconf 84' lang='lat' dir='ltr'><strong>recte</strong></span> <span class='ocrx_word' id='word_1_264' title='bbox 498 3401 619 3467; x_wconf 82' lang='lat' dir='ltr'><strong>enotavi,</strong></span> <span class='ocrx_word' id='word_1_265' title='bbox 639 3400 679 3454; x_wconf 89' lang='grc'><strong>17.</strong></span> <span class='ocrx_word' id='word_1_266' title='bbox 691 3399 733 3454; x_wconf 83' lang='lat' dir='ltr'><strong>sl.</strong></span> <span class='ocrx_word' id='word_1_267' title='bbox 747 3398 789 3453; x_wconf 86' lang='grc'><strong>93.</strong></span> <span class='ocrx_word' id='word_1_268' title='bbox 810 3406 838 3457; x_wconf 79' lang='lat' dir='ltr'><strong>et</strong></span> <span class='ocrx_word' id='word_1_269' title='bbox 855 3397 916 3451; x_wconf 88' lang='lat' dir='ltr'><strong>edd.</strong></span> <span class='ocrx_word' id='word_1_270' title='bbox 935 3397 970 3449; x_wconf 87' lang='lat' dir='ltr'><strong>ab</strong></span> <span class='ocrx_word' id='word_1_271' title='bbox 983 3398 1056 3453; x_wconf 82' lang='lat' dir='ltr'><strong>Addo</strong></span> <span class='ocrx_word' id='word_1_272' title='bbox 1074 3398 1110 3450; x_wconf 85' lang='lat' dir='ltr'><strong>ad</strong></span> <span class='ocrx_word' id='word_1_273' title='bbox 1125 3397 1222 3451; x_wconf 86' lang='lat' dir='ltr'><strong>Grute-</strong></span> 
     </span>
     <span class='ocr_line' id='line_1_31' title="bbox 138 3479 1223 3554; baseline 0 -19"><span class='ocrx_word' id='word_1_274' title='bbox 138 3499 140 3503; x_wconf 67' lang='grc'>’</span> <span class='ocrx_word' id='word_1_275' title='bbox 179 3498 247 3546; x_wconf 75' lang='lat' dir='ltr'><strong>rum,</strong></span> <span class='ocrx_word' id='word_1_276' title='bbox 265 3490 292 3535; x_wconf 75' lang='lat' dir='ltr'><strong>et</strong></span> <span class='ocrx_word' id='word_1_277' title='bbox 310 3482 486 3536; x_wconf 81' lang='lat' dir='ltr'><strong>restituerunt</strong></span> <span class='ocrx_word' id='word_1_278' title='bbox 504 3494 646 3554; x_wconf 85' lang='lat' dir='ltr'><strong>utrumque</strong></span> <span class='ocrx_word' id='word_1_279' title='bbox 663 3482 713 3538; x_wconf 85' lang='lat' dir='ltr'><strong>Or.</strong></span> <span class='ocrx_word' id='word_1_280' title='bbox 731 3483 816 3537; x_wconf 87' lang='lat' dir='ltr'><strong>Henr.</strong></span> <span class='ocrx_word' id='word_1_281' title='bbox 845 3479 924 3546; x_wconf 81' lang='lat' dir='ltr'><strong>Iure,</strong></span> <span class='ocrx_word' id='word_1_282' title='bbox 942 3481 1017 3549; x_wconf 87' lang='lat' dir='ltr'><strong>quod</strong></span> <span class='ocrx_word' id='word_1_283' title='bbox 1034 3481 1107 3535; x_wconf 80' lang='lat' dir='ltr'><strong>clare</strong></span> <span class='ocrx_word' id='word_1_284' title='bbox 1124 3482 1223 3552; x_wconf 76' lang='lat' dir='ltr'><strong>legitur</strong></span> 
     </span>
     <span class='ocr_line' id='line_1_32' title="bbox 178 3564 1219 3638; baseline 0.003 -21"><span class='ocrx_word' id='word_1_285' title='bbox 178 3566 206 3618; x_wconf 90' lang='lat' dir='ltr'><strong>in</strong></span> <span class='ocrx_word' id='word_1_286' title='bbox 224 3564 273 3635; x_wconf 85' lang='lat' dir='ltr'><strong>Lg.</strong></span> <span class='ocrx_word' id='word_1_287' title='bbox 291 3565 318 3617; x_wconf 88' lang='grc'><strong>6.</strong></span> <span class='ocrx_word' id='word_1_288' title='bbox 334 3564 376 3620; x_wconf 89' lang='grc'><strong>36.</strong></span> <span class='ocrx_word' id='word_1_289' title='bbox 396 3575 424 3621; x_wconf 84' lang='lat' dir='ltr'><strong>et</strong></span> <span class='ocrx_word' id='word_1_290' title='bbox 442 3571 473 3621; x_wconf 79' lang='lat' dir='ltr'><strong>dn</strong></span> <span class='ocrx_word' id='word_1_291' title='bbox 488 3584 536 3633; x_wconf 84' lang='lat' dir='ltr'><strong>re,</strong></span> <span class='ocrx_word' id='word_1_292' title='bbox 561 3568 636 3637; x_wconf 88' lang='lat' dir='ltr'><strong>quod</strong></span> <span class='ocrx_word' id='word_1_293' title='bbox 652 3585 708 3622; x_wconf 86' lang='lat' dir='ltr'><strong>non</strong></span> <span class='ocrx_word' id='word_1_294' title='bbox 725 3574 816 3638; x_wconf 84' lang='lat' dir='ltr'><strong>potest</strong></span> <span class='ocrx_word' id='word_1_295' title='bbox 834 3565 889 3618; x_wconf 85' lang='lat' dir='ltr'><strong>aiio</strong></span> <span class='ocrx_word' id='word_1_296' title='bbox 907 3565 1049 3632; x_wconf 79' lang='lat' dir='ltr'><strong>revocari,</strong></span> <span class='ocrx_word' id='word_1_297' title='bbox 1071 3567 1098 3618; x_wconf 84' lang='lat' dir='ltr'><strong>in</strong></span> <span class='ocrx_word' id='word_1_298' title='bbox 1114 3566 1132 3619; x_wconf 76' lang='lat'><strong>2</strong></span> <span class='ocrx_word' id='word_1_299' title='bbox 1148 3582 1219 3620; x_wconf 87' lang='lat' dir='ltr'><strong>corr.</strong></span> 
     </span>
     <span class='ocr_line' id='line_1_33' title="bbox 179 3648 1220 3720; baseline 0.001 -17"><span class='ocrx_word' id='word_1_300' title='bbox 179 3659 208 3703; x_wconf 79' lang='lat' dir='ltr'><strong>nt</strong></span> <span class='ocrx_word' id='word_1_301' title='bbox 226 3651 299 3720; x_wconf 74' lang='lat' dir='ltr'><strong>vulg,</strong></span> <span class='ocrx_word' id='word_1_302' title='bbox 316 3651 383 3706; x_wconf 65' lang='grc'><strong>46</strong></span> <span class='ocrx_word' id='word_1_303' title='bbox 403 3652 443 3708; x_wconf 92' lang='grc'><strong>13.</strong></span> <span class='ocrx_word' id='word_1_304' title='bbox 463 3651 502 3709; x_wconf 91' lang='grc'><strong>14.</strong></span> <span class='ocrx_word' id='word_1_305' title='bbox 523 3654 564 3708; x_wconf 93' lang='grc'><strong>16.</strong></span> <span class='ocrx_word' id='word_1_306' title='bbox 582 3652 624 3707; x_wconf 73' lang='grc'><strong>00.</strong></span> <span class='ocrx_word' id='word_1_307' title='bbox 643 3652 686 3705; x_wconf 71' lang='grc'><strong>31.</strong></span> <span class='ocrx_word' id='word_1_308' title='bbox 703 3651 746 3705; x_wconf 76' lang='lat'><strong>23.</strong></span> <span class='ocrx_word' id='word_1_309' title='bbox 765 3650 807 3705; x_wconf 80' lang='grc'><strong>66.</strong></span> <span class='ocrx_word' id='word_1_310' title='bbox 825 3650 867 3704; x_wconf 90' lang='grc'><strong>67,</strong></span> <span class='ocrx_word' id='word_1_311' title='bbox 885 3648 928 3703; x_wconf 82' lang='grc'><strong>60.</strong></span> <span class='ocrx_word' id='word_1_312' title='bbox 947 3649 989 3703; x_wconf 91' lang='grc'><strong>70.</strong></span> <span class='ocrx_word' id='word_1_313' title='bbox 1003 3648 1045 3703; x_wconf 93' lang='grc'><strong>73.</strong></span> <span class='ocrx_word' id='word_1_314' title='bbox 1064 3650 1106 3704; x_wconf 90' lang='grc'><strong>64.</strong></span> <span class='ocrx_word' id='word_1_315' title='bbox 1126 3650 1179 3704; x_wconf 81' lang='lat' dir='ltr'><strong>Gn.</strong></span> <span class='ocrx_word' id='word_1_316' title='bbox 1193 3649 1220 3709; x_wconf 82' lang='grc'><strong>3.</strong></span> 
     </span>
     <span class='ocr_line' id='line_1_34' title="bbox 178 3734 1220 3809; baseline 0.004 -23"><span class='ocrx_word' id='word_1_317' title='bbox 178 3751 213 3787; x_wconf 81' lang='lat' dir='ltr'><strong>ex</strong></span> <span class='ocrx_word' id='word_1_318' title='bbox 231 3734 335 3804; x_wconf 83' lang='lat' dir='ltr'><strong>scripto</strong></span> <span class='ocrx_word' id='word_1_319' title='bbox 352 3753 402 3806; x_wconf 84' lang='lat' dir='ltr'><strong>per</strong></span> <span class='ocrx_word' id='word_1_320' title='bbox 419 3738 608 3809; x_wconf 85' lang='lat' dir='ltr'><strong>compendium</strong></span> <span class='ocrx_word' id='word_1_321' title='bbox 625 3735 745 3789; x_wconf 77' lang='lat' dir='ltr'><strong>videare</strong></span> <span class='ocrx_word' id='word_1_322' title='bbox 760 3734 838 3802; x_wconf 60' lang='lat' dir='ltr'><strong>(cre)</strong></span> <span class='ocrx_word' id='word_1_323' title='bbox 856 3741 920 3786; x_wconf 83' lang='lat' dir='ltr'><strong>nate</strong></span> <span class='ocrx_word' id='word_1_324' title='bbox 936 3741 1006 3788; x_wconf 87' lang='lat' dir='ltr'><strong>sunt.</strong></span> <span class='ocrx_word' id='word_1_325' title='bbox 1042 3735 1101 3789; x_wconf 87' lang='lat' dir='ltr'><strong>Sed</strong></span> <span class='ocrx_word' id='word_1_326' title='bbox 1118 3735 1220 3790; x_wconf 73' lang='lat' dir='ltr'><strong>videa-</strong></span> 
     </span>
     <span class='ocr_line' id='line_1_35' title="bbox 177 3817 1222 3895; baseline 0.002 -24"><span class='ocrx_word' id='word_1_327' title='bbox 177 3835 244 3872; x_wconf 83' lang='lat' dir='ltr'><strong>mus</strong></span> <span class='ocrx_word' id='word_1_328' title='bbox 261 3819 286 3872; x_wconf 88' lang='grc'><strong>6.</strong></span> <span class='ocrx_word' id='word_1_329' title='bbox 305 3819 348 3884; x_wconf 85' lang='grc'><strong>36.</strong></span> <span class='ocrx_word' id='word_1_330' title='bbox 369 3821 440 3875; x_wconf 73' lang='lat' dir='ltr'><strong>vict.</strong></span> <span class='ocrx_word' id='word_1_331' title='bbox 459 3823 489 3875; x_wconf 89' lang='lat' dir='ltr'><strong>Z.</strong></span> <span class='ocrx_word' id='word_1_332' title='bbox 502 3830 529 3889; x_wconf 76' lang='grc' dir='ltr'><strong>β.</strong></span> <span class='ocrx_word' id='word_1_333' title='bbox 541 3841 568 3895; x_wconf 78' lang='lat' dir='ltr'><strong>y.</strong></span> <span class='ocrx_word' id='word_1_334' title='bbox 583 3838 604 3875; x_wconf 89' lang='lat' dir='ltr'><strong>s.</strong></span> <span class='ocrx_word' id='word_1_335' title='bbox 640 3820 774 3875; x_wconf 82' lang='lat' dir='ltr'><strong>nidemnr</strong></span> <span class='ocrx_word' id='word_1_336' title='bbox 793 3817 832 3873; x_wconf 86' lang='lat'><strong>15.</strong></span> <span class='ocrx_word' id='word_1_337' title='bbox 850 3817 885 3869; x_wconf 74' lang='grc'><strong>74</strong></span> <span class='ocrx_word' id='word_1_338' title='bbox 901 3834 972 3872; x_wconf 87' lang='lat' dir='ltr'><strong>corr.</strong></span> <span class='ocrx_word' id='word_1_339' title='bbox 992 3827 1022 3872; x_wconf 86' lang='lat' dir='ltr'><strong>nt</strong></span> <span class='ocrx_word' id='word_1_340' title='bbox 1040 3819 1079 3874; x_wconf 91' lang='grc'><strong>14.</strong></span> <span class='ocrx_word' id='word_1_341' title='bbox 1097 3820 1141 3874; x_wconf 90' lang='grc'><strong>66.</strong></span> <span class='ocrx_word' id='word_1_342' title='bbox 1168 3818 1222 3875; x_wconf 83' lang='lat' dir='ltr'><strong>Re·</strong></span> 
     </span>
     <span class='ocr_line' id='line_1_36' title="bbox 176 3902 1221 3976; baseline -0.001 -18"><span class='ocrx_word' id='word_1_343' title='bbox 176 3905 243 3973; x_wconf 81' lang='lat' dir='ltr'><strong>liqui</strong></span> <span class='ocrx_word' id='word_1_344' title='bbox 265 3903 501 3976; x_wconf 73' lang='lat' dir='ltr'><strong>Lagornarsiniani</strong></span> <span class='ocrx_word' id='word_1_345' title='bbox 524 3906 605 3960; x_wconf 81' lang='lat' dir='ltr'><strong>XXV</strong></span> <span class='ocrx_word' id='word_1_346' title='bbox 632 3904 699 3960; x_wconf 85' lang='lat' dir='ltr'>VSt.</span> <span class='ocrx_word' id='word_1_347' title='bbox 730 3904 821 3959; x_wconf 85' lang='lat' dir='ltr'><strong>Havn.</strong></span> <span class='ocrx_word' id='word_1_348' title='bbox 839 3902 863 3956; x_wconf 93' lang='lat' dir='ltr'><strong>l.</strong></span> <span class='ocrx_word' id='word_1_349' title='bbox 895 3920 912 3954; x_wconf 83' lang='lat' dir='ltr'><strong>s</strong></span> <span class='ocrx_word' id='word_1_350' title='bbox 933 3919 1003 3957; x_wconf 86' lang='lat' dir='ltr'><strong>corr.</strong></span> <span class='ocrx_word' id='word_1_351' title='bbox 1022 3902 1047 3959; x_wconf 77' lang='lat'><strong>2.</strong></span> <span class='ocrx_word' id='word_1_352' title='bbox 1080 3903 1131 3960; x_wconf 87' lang='lat' dir='ltr'><strong>Gu.</strong></span> <span class='ocrx_word' id='word_1_353' title='bbox 1152 3905 1176 3959; x_wconf 90' lang='grc'><strong>1.</strong></span> <span class='ocrx_word' id='word_1_354' title='bbox 1195 3905 1221 3958; x_wconf 83' lang='lat' dir='ltr'><strong>d.</strong></span> 
     </span>
     <span class='ocr_line' id='line_1_37' title="bbox 176 3972 1221 4059; baseline -0.002 -16"><span class='ocrx_word' id='word_1_355' title='bbox 176 3989 343 4053; x_wconf 71' lang='lat' dir='ltr'><strong>uideamur,</strong></span> <span class='ocrx_word' id='word_1_356' title='bbox 359 3991 435 4059; x_wconf 89' lang='lat' dir='ltr'><strong>quod</strong></span> <span class='ocrx_word' id='word_1_357' title='bbox 447 4007 581 4047; x_wconf 85' lang='lat' dir='ltr'><strong>revocare</strong></span> <span class='ocrx_word' id='word_1_358' title='bbox 594 3999 694 4056; x_wconf 70' lang='lat' dir='ltr'><strong>manen,</strong></span> <span class='ocrx_word' id='word_1_359' title='bbox 712 3972 787 4059; x_wconf 70' lang='lat' dir='ltr'><strong>qnod</strong></span> <span class='ocrx_word' id='word_1_360' title='bbox 801 3987 925 4057; x_wconf 82' lang='lat' dir='ltr'><strong>sequitur</strong></span> <span class='ocrx_word' id='word_1_361' title='bbox 940 4003 1026 4058; x_wconf 75' lang='lat' dir='ltr'><strong>opas,</strong></span> <span class='ocrx_word' id='word_1_362' title='bbox 1044 4005 1099 4041; x_wconf 89' lang='lat' dir='ltr'><strong>uon</strong></span> <span class='ocrx_word' id='word_1_363' title='bbox 1111 3986 1221 4041; x_wconf 81' lang='lat' dir='ltr'><strong>lleebat.</strong></span> 
     </span>
     <span class='ocr_line' id='line_1_38' title="bbox 179 4070 1228 4145; baseline -0.004 -18"><span class='ocrx_word' id='word_1_364' title='bbox 179 4071 340 4143; x_wconf 76' lang='lat' dir='ltr'><strong>defendere</strong></span> <span class='ocrx_word' id='word_1_365' title='bbox 358 4074 521 4130; x_wconf 87' lang='lat' dir='ltr'><strong>eiiciendum</strong></span> <span class='ocrx_word' id='word_1_366' title='bbox 540 4074 763 4141; x_wconf 75' lang='lat' dir='ltr'><strong>videaurBskio,</strong></span> <span class='ocrx_word' id='word_1_367' title='bbox 783 4082 811 4128; x_wconf 76' lang='lat' dir='ltr'><strong>en</strong></span> <span class='ocrx_word' id='word_1_368' title='bbox 827 4071 1000 4127; x_wconf 84' lang='lat' dir='ltr'><strong>scribendum</strong></span> <span class='ocrx_word' id='word_1_369' title='bbox 1015 4077 1068 4125; x_wconf 81' lang='lat' dir='ltr'><strong>ant</strong></span> <span class='ocrx_word' id='word_1_370' title='bbox 1084 4073 1120 4125; x_wconf 79' lang='lat' dir='ltr'><strong>sd.</strong></span> <span class='ocrx_word' id='word_1_371' title='bbox 1146 4070 1228 4145; x_wconf 83' lang='lat' dir='ltr'><strong>Hanc</strong></span> 
     </span>
    </p>
   </div>
   <div class='ocr_carea' id='block_1_9' title="bbox 0 0 1474 4590">
    <p class='ocr_par' dir='ltr' id='par_1_11' title="bbox 0 0 1474 4590">
     <span class='ocr_line' id='line_1_39' title="bbox 0 0 1474 4590; baseline 0 0"><span class='ocrx_word' id='word_1_372' title='bbox 0 0 1474 4590; x_wconf 95' lang='lat' dir='ltr'><strong> </strong></span> 
     </span>
    </p>
   </div>
  </div>
 </body>
</html>
