2942 4608
252 391 261 399 ,
317 260 322 267 “
385 312 986 383 nnoonroaunnuouer.
1114 317 1204 389 aar
1259 337 1264 347 ¹

159 487 346 565 laudabilis,
369 498 400 552 et
421 488 490 552 sine
513 504 577 572 qua
596 484 675 551 nilril
696 484 822 551 laudari
843 469 960 571 potest,
985 491 1090 563 tanuen
1111 480 1206 549 habet

159 605 259 694 pluris
275 606 383 692 partis,
405 623 534 690 quarum
557 603 691 669 aliaest
713 602 779 668 alia
801 601 843 667 ad
862 584 1073 667 laudationem
1094 601 1204 686 aptior.

70 780 77 791 .
160 723 239 790 Sunt
265 725 347 788 enirn
375 721 459 818 aliae
484 724 628 798 ruentes,
656 740 737 806 quae
758 720 902 787 videntur
928 721 961 784 in
987 715 1204 783 666166616-

158 845 273 907 minum
293 850 323 906 et
339 839 477 926 quadam
497 840 642 905 comitate
666 857 704 905 ao
725 836 932 905 beneficentia
948 838 1086 923 positae3
1109 835 1204 907 aliae,

161 979 240 1044 quae
261 962 305 1024 in
330 958 438 1042 ingeni
469 955 577 1042 aliqua
599 956 752 1025 facultate
784 965 837 1022 aut
869 957 965 1039 animi
991 953 1204 1038 magnitudine

159 1097 198 1145 ac
219 1076 343 1144 rohone.
386 1071 467 1139 Nam
486 1073 654 1140 clementia
674 1075 794 1162 iustitia
814 1073 993 1157 benignitas
1015 1052 1093 1137 ides
1115 1045 1204 1135 1461-

157 1194 232 1260 6616
261 1195 295 1257 16
315 1191 465 1278 periculis
486 1191 699 1257 communibus
722 1191 859 1258 iucunda
880 1200 928 1256 est
950 1190 1057 1256 auditu
1080 1190 1113 1254 in
1134 1187 1204 1253 lau-

159 1309 359 1386 dationibus3
388 1328 497 1374 ornnes
523 1311 606 1375 enim
626 1306 687 1374 luae
708 1312 838 1379 virtutes
859 1329 923 1374 non
943 1316 1008 1374 tam
1028 1307 1122 1393 ipsis,
1152 1307 1204 1390 qui

157 1448 216 1518 eas
240 1426 374 1504 habent,
406 1445 500 1512 6666
520 1427 635 1510 'generi
661 1425 818 1493 hominum
844 1427 1023 1492 fructuosae
1050 1431 1204 1511 putantur.

156 1543 230 1611 344.
259 1542 425 1632 Sapientia
451 1517 688 1628 etmagnitudo
717 1545 826 1621 animi,
854 1564 916 1630 qua
942 1562 1050 1609 omnes
1072 1561 1125 1607 res
1146 1539 1204 1605 161-

157 1682 272 1730 manae
298 1671 408 1727 tenues
435 1680 474 1727 ac
499 1660 676 1747 pronihilo
698 1670 857 1746 putantur,
884 1670 915 1725 et
940 1663 974 1724 in
995 1657 1203 1743 excogitando
1260 1642 1261 1657 ¹

157 1779 385 1866 uisquaedam
411 1780 519 1863 ingeni
545 1788 576 1844 et
602 1781 674 1864 ipsa
699 1777 880 1863 eloquentia
910 1777 1126 1843 admirationis
1147 1760 1229 1840 ha?

157 1899 213 1965 iret
241 1918 304 1964 non
333 1898 448 1976 minus,
473 1897 682 1966 iucunditatis
712 1898 835 1973 minus3
868 1897 956 1982 ipsos
990 1897 1073 1961 emm
1100 1895 1203 1978 magis

38 2196 65 2226 ,Ι
158 2131 208 2191 Or.
223 2133 307 2189 Henr.
333 2131 389 2187 lam
403 2134 447 2192 ed.
460 2132 534 2195 Lott,
555 2133 618 2189 alia
635 2134 698 2189 atta
716 2141 776 2189 est:
796 2149 822 2190 v.
838 2118 1045 2205 explicationes.
1075 2122 1203 2186 Ceterum

158 2220 256 2274 altero
273 2218 324 2289 Lg.
343 2221 368 2272 4.
398 2236 458 2272 aton
476 2219 517 2273 16.
535 2249 570 2260 ·-
602 2224 635 2277 in
651 2219 793 2287 moritus]
812 2236 871 2272 oon
889 2223 920 2273 in
937 2237 975 2272 m.
1001 2219 1053 2271 Gu‘.
1071 2216 1095 2269 3.
1114 2245 1148 2254 -
1174 2220 1203 2266 et

160 2303 303 2374 quodam]
328 2303 463 2371 particula
487 2303 566 2356 abest
587 2301 673 2373 alig.
690 2302 717 2358 2.
734 2303 760 2356 3.
778 2305 803 2357 4.
822 2304 847 2356 6.
869 2303 908 2357 13.
926 2303 968 2356 31.
986 2303 1029 2357 36.
1048 2330 1083 2342 ·-
1111 2290 1203 2352 comiss
1317 2326 1329 2348 s
1426 2272 1429 2284 Ι

160 2388 235 2454 tote]
255 2390 466 2439 communitate
483 2385 534 2455 Lg.
549 2387 592 2440 69.
605 2386 648 2440 93.
662 2415 698 2427 ·-
717 2386 918 2455 beneficentio]
939 2385 1076 2454 beneficio
1093 2381 1144 2452 Lg.
1160 2381 1205 2435 36.

160 2472 219 2551 (16.-
231 2470 256 2523 3.
274 2498 309 2511 -
340 2470 505 2539 ratapant]
524 2473 554 2523 io
579 2485 631 2525 orn.
648 2468 700 2548 Lg.
719 2470 744 2527 2.
762 2471 787 2522 4.
803 2471 829 2525 6.
854 2470 894 2525 13.
915 2470 959 2525 ln
976 2469 1017 2523 15.
1038 2469 1078 2523 17.
1098 2468 1140 2521 20.
1159 2466 1202 2520 23.

144 2557 203 2610 an.
223 2554 265 2609 32.
285 2554 328 2609 35.
347 2553 389 2608 36.
408 2552 451 2608 65.
470 2553 512 2606 66.
531 2553 572 2607 70.
592 2553 632 2607 76.
650 2553 693 2608 86.
726 2558 825 2625 deoperto*
842 2552 891 2625 Lg.
913 2554 953 2608 13.
974 2553 1014 2608 lo.
1034 2552 1079 2605 hio
1096 2551 1156 2607 soli.
1169 2562 1209 2591 „r

99 2679 102 2683 f
159 2640 340 2710 benipnilos]
369 2657 406 2692 ao
433 2638 540 2690 lenitas
567 2636 618 2709 [ις.
640 2639 657 2691 2
681 2657 745 2709 exp.
768 2667 803 2677 —-
831 2636 1042 2704 commonibus]
1069 2651 1203 2689 nooman.
1307 2646 1312 2650 “

42 2727 48 2734 ’
84 2782 87 2783 ⁷
158 2724 210 2795 Lg.
232 2723 275 2777 at.
298 2723 341 2776 oa
360 2752 396 2763 —-
426 2722 568 2789 iocunda]
591 2724 754 2777 indicanda
778 2723 829 2794 ng.
848 2723 873 2778 3.
899 2724 923 2778 4.
951 2723 992 2777 13.
1016 2722 1049 2776 32
1067 2738 1137 2774 corr.
1160 2719 1203 2773 36.

157 2809 211 2862 Gu.
230 2808 255 2861 3.
272 2837 307 2848 -
336 2806 404 2874 leae]
431 2806 556 2878 eoe.Lg.
575 2809 600 2860 5.
627 2808 666 2861 16.
690 2807 792 2867 1626,
819 2809 860 2862 76.
881 2807 922 2861 73.
947 2807 989 2863 86.
1010 2836 1045 2846 —-
1077 2809 1129 2877 put·
1153 2822 1204 2857 eas
1313 2834 1316 2841 ν

157 2892 284 2960 laedent]
304 2896 357 2962 qui
375 2909 427 2944 ooo
447 2895 479 2944 ire
496 2910 528 2945 se
545 2891 654 2947 landent
671 2893 810 2964 vulgatum
827 2896 937 2947 correxi
952 2911 986 2946 ex
1004 2892 1054 2964 ng.
1073 2893 1099 2951 2.
1117 2893 1142 2948 4.
1162 2890 1201 2950 13.

157 2977 202 3030 36.
213 2977 245 3029 81
258 2977 320 3030 add.
333 2977 375 3030 84.
395 2976 485 3031 Have.
500 2977 522 3032 1.
533 2978 558 3032 2.
579 2979 609 3032 Z.
626 2998 652 3035 n.
664 2998 690 3048 y.
706 2980 731 3032 d.
751 2978 808 3032 Erl.
828 2978 879 3032 Gu.
894 2978 917 3032 1.
929 2979 954 3037 2.
974 2977 1069 3048 steph.
1090 2974 1218 3039 bamba.

158 3062 199 3116 ita
217 3062 270 3115 iam
285 3060 427 3130 Pearcitrs.
462 3062 569 3116 Dicitur
587 3064 659 3120 enim
677 3067 710 3117 do
727 3081 758 3117 se
775 3062 884 3117 Ιιαόενε
901 3080 956 3118 non
975 3063 1009 3117 de
1026 3061 1204 3132 possidendo,

158 3146 211 3204 sed
232 3147 267 3200 de
287 3147 340 3213 eis,
368 3163 438 3215 quae
458 3148 587 3218 cuiusque
606 3157 704 3203 natura
722 3150 836 3220 propria
853 3156 880 3202 et
896 3141 976 3218 ¹quasi
994 3147 1114 3218 ingenita
1131 3154 1201 3204 sunt,

99 3239 109 3249 '
156 3236 282 3287 64616466
299 3247 359 3284 raon
376 3235 451 3303 ipsis
469 3239 586 3303 lantque
604 3250 640 3285 ea
659 3218 723 3287 esse
743 3233 828 3287 debet
848 3233 900 3288 Go.
918 3232 943 3293 3,

244 3315 303 3372 344.
333 3333 382 3369 reo
399 3315 547 3371 damonae
567 3325 665 3372 tenues
684 3336 720 3372 ao
733 3336 790 3390 pro
809 3316 901 3371 nihilo
914 3318 1074 3389 portamur]
1094 3317 1204 3386 vtrlgata

156 3402 294 3471 scriptura
317 3400 382 3454 olim
404 3401 454 3455 luit
476 3420 524 3455 res
548 3401 627 3458 hum.
649 3409 789 3474 portantur
815 3410 914 3459 tenetes
938 3409 967 3456 et
983 3419 1016 3474 p.
1035 3418 1063 3462 tt.
1080 3419 1109 3473 p.
1147 3400 1204 3472 Sed

157 3493 301 3558 peraretur
332 3503 383 3545 our.
410 3485 483 3542 Pith.
504 3486 573 3559 rubr.
597 3487 709 3542 Merum.
733 3489 772 3556 (i.·
793 3504 817 3540 e.
840 3487 865 3539 V
868 3488 908 3547 st,
937 3495 964 3540 et
989 3487 1068 3544 codd.
1091 3485 1202 3550 Larnb.)

98 3632 102 3641 .
157 3571 219 3625 Pal.
236 3571 259 3624 1.
274 3570 299 3624 a.
317 3571 393 3630 Harl.
412 3571 434 3624 l.
456 3572 485 3627 Z.
504 3582 625 3642 excerpt.
645 3574 670 3630 d.
690 3570 747 3631 Eri.
764 3569 815 3641 Lg.
828 3571 853 3624 3.
869 3572 893 3625 4.
915 3570 1011 3627 1314.
1029 3571 1072 3625 21.
1092 3569 1126 3622 32
1139 3569 1201 3631 add.

158 3655 201 3707 36.
223 3664 251 3707 et
269 3656 375 3724 punctis
393 3656 552 3709 subductum
572 3655 684 3708 verbnm
702 3664 743 3708 est
766 3643 795 3708 in*
810 3655 899 3710 llavn.
920 3655 943 3710 l.
968 3665 996 3710 et
1012 3655 1072 3710 Pal.
1091 3654 1133 3721 6.,
1156 3644 1203 3708 de·v

158 3739 250 3791 lerunt
267 3737 344 3792 Mari.
364 3739 458 3797 lnanrb.
478 3749 506 3795 et
524 3747 636 3797 recentt.
658 3748 722 3809 post
741 3737 822 3805 Ero,
841 3739 980 3798 Muellero
1000 3750 1132 3810 excepto,
1157 3739 1202 3808 qul

160 3823 332 3877 coniectandi
351 3824 455 3877 libidini
472 3825 614 3895 indulgens
633 3832 789 3890 66666166
807 3807 905 3878 denudes
923 3833 951 3880 ot
966 3827 1082 3895 scripsit.
1118 3825 1202 3883 Prete-

159 3916 235 3961 teuea
251 3907 347 3962 Larnb.
369 3908 454 3962 edidit
476 3924 510 3961 ox
527 3908 589 3963 Vel.
610 3908 650 3962 st.
665 3927 763 3982 prope
776 3928 837 3981 pro
855 3909 965 3978 raidilo,·
992 3910 1093 3965 codicis
1111 3918 1201 3962 autern

158 4009 248 4046 ruerus
267 4009 347 4046 error
361 4002 410 4058 est,
430 4000 568 4065 etprope
582 3993 675 4047 alluido
693 3996 773 4048 etiarn
792 3995 843 4050 Gn.
858 3995 882 4048 3.
902 4005 1023 4064 excerpt.
1040 3997 1065 4048 d.
1094 4011 1130 4045 no
1144 4009 1199 4063 pro

159 4077 251 4131 alluido
276 4068 341 4131 curn
359 4077 409 4133 Or.
429 4078 514 4131 llenr.
544 4080 636 4148 recepi
662 4096 697 4131 on
720 4079 897 4132 1166616.
926 4079 983 4131 Eri.
1014 4078 1066 4129 Gn.
1088 4078 1153 4128 1.*2.
1174 4077 1206 4147 3.
1275 4086 1280 4097 “

158 4158 246 4229 ogre.
263 4162 287 4217 a
305 4165 329 4217 n.
348 4163 373 4219 6.
392 4162 417 4216 c.
438 4161 477 4216 13.
499 4161 539 4214 15.
560 4152 602 4217 roi
621 4162 660 4216 rr.
679 4162 721 4219 ao.
738 4162 781 4216 nr.
800 4163 843 4215 ot.
861 4161 903 4214 aa
921 4160 963 4211 ao.
982 4160 1023 4212 ao.
1041 4158 1084 4210 oo.
1103 4157 1144 4215 ra.
1158 4155 1198 4208 ro.
