2958 4584
269 321 372 393 202
668 307 926 378 CICERONIS

271 498 324 554 661
350 468 565 553 faciendorum
591 491 643 547 aut
670 480 906 566 deligendorum
933 480 1096 545 scientiam
1116 477 1311 565 profiteatur}

270 615 324 672 aut
350 607 378 670 si
405 604 569 689 quisquam
592 600 718 676 dicitur,
744 600 806 663 uisi
834 608 953 675 orator,
980 597 1117 664 formare
1139 599 1314 665 orationem

271 742 401 808 eamque
422 722 549 786 variare
571 729 602 784 et
619 718 811 800 distinguere
833 717 925 801 quasi
947 713 1132 801 quibusdam
1146 713 1314 780 uerborum

271 840 553 922 sententiarumque
576 833 774 918 insignibns3
802 842 854 898 aut
876 834 912 898 si
925 833 980 898 via
999 831 1083 909 ulia,
1105 834 1168 915 nisi
1191 832 1230 898 ab
1252 832 1314 899 hac

271 977 335 1024 una
361 965 447 1033 arte,
478 953 611 1020 traditur
642 960 694 1017 aut
726 960 975 1034 argumentorum
1008 958 1060 1015 aut
1091 951 1314 1019 sententiarum

272 1085 324 1141 aut
346 1074 478 1158 denique
494 1069 713 1155 descriptionis
731 1077 822 1152 atque
841 1067 975 1133 ordinis:
998 1066 1152 1132 fateamur
1173 1076 1225 1132 ant
1242 1065 1313 1144 hoc,

271 1191 355 1279 quod
378 1189 459 1255 haec
492 1207 545 1253 ars
571 1184 762 1272 profiteatur,
796 1184 933 1249 alienum
965 1203 1038 1249 esse
1070 1193 1123 1248 aut
1151 1203 1221 1249 cum
1249 1184 1315 1249 aiia

272 1309 381 1395 aliqua
406 1316 472 1372 arte
499 1323 572 1370 esse
600 1321 771 1369 commuue.
828 1278 949 1367 37111
976 1302 1004 1366 si
1030 1300 1241 1368 16166666
1267 1313 1316 1368 est

272 1446 313 1493 ea
328 1427 410 1491 ratio
433 1431 523 1507 atque
541 1421 702 1486 doctrina:
724 1439 797 1495 non,
820 1420 849 1484 si
872 1419 924 1503 qui
946 1419 1079 1484 aliarum
1101 1420 1211 1484 artium
1232 1418 1318 1488 bene.

273 1544 370 1610 locuti
393 1548 483 1632 sunu,¹
505 1557 544 1603 eo
571 1540 673 1602 minus
699 1536 733 1602 id
759 1546 807 1601 est
827 1535 919 1602 huius
940 1538 1032 1602 unius
1053 1537 1226 1623 proprium
1256 1536 1315 1601 sed

272 1672 305 1728 ut
332 1668 439 1726 orator
465 1655 503 1721 de
530 1657 571 1721 iis
592 1654 704 1731 rebus,
731 1673 812 1740 quae
839 1664 1012 1721 ceterarum
1038 1657 1147 1719 artium
1174 1663 1258 1730 suut,
1286 1656 1315 1719 si

183 1798 189 1807 “
272 1759 365 1847 modo
387 1794 444 1844 eas
466 1774 622 1858 cognouit,
643 1781 676 1837 ut
692 1771 762 1839 heri
778 1769 914 1837 Crassus
930 1771 1064 1850 dicebat,
1087 1773 1199 1857 optime
1214 1780 1316 1858 potest

273 1995 382 2051 dorum
402 1992 427 2048 3.
451 1990 476 2045 5.
501 1988 602 2046 1617.
626 1988 669 2044 71.
693 1988 735 2044 73.
759 1989 794 2042 74
811 2005 882 2046 corr.
904 1987 947 2042 35.
963 1988 1005 2046 65.
1025 1988 1065 2045 70.
1086 1989 1127 2044 73.
1149 1988 1251 2046 7681.
1270 1989 1313 2044 86.

274 2078 475 2151 eiiyendomtm
496 2073 538 2128 84.
559 2101 595 2115 ·-
621 2080 675 2127 661
690 2078 719 2127 st
736 2072 904 2143 6616666116]
926 2072 978 2145 lag.
997 2091 1106 2142 omnes,
1131 2074 1182 2131 Gn.
1203 2074 1225 2132 1.
1243 2076 1268 2129 7.
1289 2075 1314 2130 3.

274 2162 419 2224 Quaedam
437 2157 499 2213 edd.
517 2173 570 2211 om.
589 2164 651 2212 661.
671 2189 702 2199 -
729 2158 852 2227 dieitur]
875 2158 949 2211 dicit
968 2157 1018 2229 Lg.
1037 2159 1062 2213 7.
1082 2161 1107 2214 4.
1126 2160 1168 2214 13,
1191 2159 1224 2212 14
1243 2176 1313 2212 corr.

276 2251 317 2305 10.
335 2248 378 2303 70.
396 2245 437 2299 71.
458 2243 492 2297 74
511 2260 580 2296 corr.
618 2242 726 2296 didicit
743 2243 787 2311 (id
805 2251 846 2296 est
864 2261 890 2312 p.
909 2259 936 2297 v.
955 2241 983 2295 in
1000 2242 1025 2297 3.
1045 2243 1073 2311 5)
1090 2243 1132 2299 35.
1151 2244 1193 2298 30.
1210 2243 1253 2299 85.
1272 2245 1313 2300 70.

274 2334 327 2388 Gn.
345 2335 370 2388 3.
397 2332 435 2384 116
452 2345 524 2381 corr.
541 2326 583 2383 37.
621 2326 799 2382 (1166117161.
835 2323 1000 2381 0166161116
1019 2336 1080 2381 orta
1101 2346 1135 2382 ex
1154 2330 1315 2399 compendio

272 2415 408 2474 scribendi
428 2413 578 2477 (1166,.-
596 2418 686 2481 atquc
705 2410 833 2481 66111616]
851 2412 985 2466 6616611.
1003 2411 1054 2483 lag.
1070 2412 1095 2467 3.
1111 2415 1135 2469 5.
1155 2414 1195 2469 10.
1214 2414 1255 2469 71.
1271 2415 1315 2468 65.

273 2504 317 2559 67.
336 2504 378 2558 70.
393 2500 434 2556 73.
448 2498 491 2553 84.
505 2497 548 2550 80.
563 2495 606 2550 03.
625 2496 695 2551 Vict.
713 2494 894 2550 116666637.
920 2495 1064 2566 Perpetua
1081 2506 1123 2551 est
1141 2516 1175 2551 66
1192 2498 1315 2552 confusio

273 2607 291 2644 a
308 2588 443 2657 scriptura
465 2591 507 2640 61.
532 2582 692 2653 repetenda.
723 2580 758 2634 V.
778 2579 857 2634 codd.
878 2581 1044 2651 scripturam
1066 2581 1199 2648 1.5,18.
1224 2584 1255 2647 8,
1272 2583 1314 2637 37.

274 2673 317 2737 15,
329 2673 372 2727 65.
392 2671 435 2737 40,
446 2670 505 2725 715.
530 2668 562 2725 11.
577 2668 618 2734 13,
631 2666 674 2722 55.
693 2666 735 2731 15,
746 2665 788 2720 63.
809 2664 851 2730 17,
865 2665 906 2719 77.
925 2664 968 2731 35,
983 2667 1039 2721 150.
1060 2669 1102 2731 77,
1113 2666 1171 2720 315.
1195 2665 1277 2732 1117,
1292 2670 1316 2722 7.

273 2757 318 2822 38,
335 2754 464 2810 153154.
492 2753 536 2819 40,
554 2752 684 2806 100101.
703 2748 736 2803 61.
756 2749 831 2805 Cort.
847 2751 883 2802 ad
896 2749 963 2805 Saii.
978 2749 1034 2821 ing.
1048 2750 1091 2814 87,
1104 2749 1129 2804 7.
1153 2749 1316 2821 Heusinger.

274 2841 311 2894 ad
330 2837 384 2894 011.
402 2837 434 2893 11.
455 2838 497 2903 17,
514 2838 539 2892 7.
564 2845 592 2890 61
615 2852 665 2889 666
688 2833 759 2888 inire
780 2820 881 2889 cdiii.
899 2833 933 2899 7,
950 2834 974 2888 7.
991 2863 1027 2874 ·-
1056 2832 1125 2896 1666,
1143 2834 1239 2905 quod]
1262 2834 1318 2889 hoc
1421 2884 1427 2893 ,

275 2923 394 2994 quidem
418 2921 469 2977 Gu.
487 2921 512 2976 7.
539 2920 588 2991 Lg.
606 2920 631 2974 3.
651 2920 675 2974 4.
693 2918 735 2973 37.
754 2918 797 2972 07.
832 2919 902 2971 Ante
921 2918 989 2971 haec
1008 2917 1136 2971 inseritur
1153 2911 1319 2973 vo'cobniunr

276 3005 440 3079 1661661666
457 3008 484 3059 16
504 3006 556 3060 Gn.
574 3005 599 3058 3.
627 3002 783 3072 fateamur
802 3020 854 3058 onu
874 3001 1018 3059 (16.1-
1038 3002 1184 3056 camolia
1203 3004 1318 3074 aliquo]

273 3094 315 3149 sic
332 3110 383 3161 pro
402 3091 514 3162 virigato
534 3089 635 3159 aliqua
653 3088 716 3140 6116
733 3086 784 3157 Lg.
800 3087 825 3141 7.
839 3088 864 3141 3.
883 3089 908 3142 5.
926 3087 952 3142 0.
973 3088 1013 3142 13.
1033 3088 1073 3141 ld.
1094 3087 1134 3146 10.
1156 3088 1196 3143 17.
1214 3089 1257 3143 70.
1276 3089 1317 3147 73.

274 3177 316 3236 37.
336 3177 378 3234 35.
397 3177 440 3231 30.
458 3176 501 3233 67.
521 3174 563 3229 60.
584 3174 626 3229 70.
643 3171 687 3226 73.
705 3173 747 3226 84.
765 3174 808 3227 86.
835 3172 892 3228 Eri.
913 3174 936 3228 1.
962 3171 1143 3227 senodocii.
1165 3170 1214 3227 Or.
1233 3173 1317 3227 fleur.

203 3271 214 3293 ‘
276 3264 339 3318 6116
358 3269 387 3315 61
407 3260 509 3331 aliqua
526 3263 552 3315 4.
584 3259 647 3313 6116
667 3274 720 3313 om.
737 3257 779 3311 71.
798 3258 840 3312 65.
862 3256 925 3311 Scir.
945 3258 972 3309 in
994 3257 1037 3311 ed.
1056 3257 1116 3315 mai.
1148 3256 1237 3312 Pauio
1254 3267 1318 3311 ante

212 3386 215 3396 ·
275 3347 363 3405 uerita
383 3352 435 3400 661
454 3344 509 3401 icoc
525 3343 604 3414 quod
621 3341 695 3396 daec
712 3359 764 3395 ars
775 3341 958 3414 profiteatur
977 3359 1029 3396 om.
1049 3342 1120 3398 vict,

365 3448 408 3504 37.
444 3445 502 3516 Et]
526 3444 622 3515 scripsi
649 3461 699 3514 pro
717 3444 830 3515 vuigoto
853 3442 906 3496 sed
929 3461 965 3496 ex
982 3442 1033 3514 Lg.
1051 3442 1076 3497 7.
1095 3444 1119 3500 4.
1141 3442 1179 3496 13.
1198 3442 1232 3495 37
1249 3458 1318 3497 corr.

276 3541 331 3591 661.
346 3534 388 3589 36.
408 3531 478 3585 Vict.
499 3530 551 3584 Gn.
565 3528 590 3584 3.
622 3528 678 3586 itui
697 3529 750 3581 sed
767 3536 956 3594 correxerunt,
976 3529 1136 3599 ignorarunt
1155 3527 1243 3581 altera
1261 3545 1321 3597 par·

276 3618 360 3673 ticuia
378 3615 574 3683 consequentia
597 3630 657 3669 cum
681 3612 906 3667 antecedentibus
928 3613 1029 3666 arctius
1045 3613 1179 3666 connecti.
1217 3610 1279 3666 sed
1295 3616 1324 3667 61
1427 3642 1434 3649 -

231 3769 234 3781 ‚
276 3719 337 3759 una
355 3718 391 3756 66
404 3703 484 3754 ratio
503 3705 592 3768 atque
607 3698 745 3751 (16611166
762 3696 869 3751 Baitios
884 3697 996 3767 corrigit
1010 3696 1147 3767 vulgatum
1160 3697 1323 3767 scripturam

276 3788 346 3842 mire
368 3786 577 3854 interpretatus,
602 3791 631 3835 ut
653 3782 798 3836 absurdam
818 3798 879 3836 esse
900 3782 1076 3835 ostenderet:
1104 3784 1133 3834 61
1155 3780 1230 3835 titud
1251 3779 1323 3832 deae

278 3871 377 3924 dicere
390 3866 573 3941 profiteatur
596 3867 660 3921 6116
683 3867 832 3936 quaedam
850 3883 916 3930 ars,
939 3883 997 3920 aon
1017 3865 1090 3919 daec
1113 3869 1252 3920 oratoria.
1287 3852 1324 3917 dt

276 3969 339 4006 666
361 3951 409 4005 1116
428 3966 480 4002 aro
505 3949 566 4017 ipsa
584 3957 626 4002 est
643 3950 770 4005 oratoria.
789 3980 824 3992 -
851 3968 888 4003 66
903 3949 999 4020 ratio]
1017 3967 1053 4002 66
1071 3967 1123 4006 ont.
1142 3949 1192 4020 ng.
1210 3949 1235 4003 7.
1252 3949 1278 4003 4.
1297 3949 1322 4006 5.

279 4034 321 4089 13.
341 4033 373 4085 17
389 4050 417 4085 v.
436 4048 462 4083 u.
482 4038 501 4086 1.
524 4030 559 4082 37
577 4048 647 4086 corr.
663 4032 706 4087 36.
724 4035 767 4088 86.
792 4043 820 4087 61
837 4034 948 4087 videtur
971 4034 1053 4087 iociie
1073 4051 1155 4104 posse
1171 4031 1322 4089 subaudiri.
1374 4024 1379 4031 “

280 4116 339 4172 Sed
355 4113 457 4169 excidit
475 4122 589 4185 propter
606 4117 776 4185 praecedens
793 4123 846 4173 661.
882 4115 914 4172 16
931 4116 983 4177 Gu.
996 4118 1022 4174 3.
1040 4118 1185 4191 regnaret
1203 4118 1233 4175 11
1250 4114 1325 4175 baec
