2980 4602
262 318 347 408 ιη
655 311 920 399 οιοΕΒοΝιε,
983 338 986 345 ·
1070 334 1076 343 v

262 491 370 579 orator
389 478 481 546 nobis
494 481 546 558 -is,
568 481 636 568 qui,
657 492 690 546 ut
712 478 847 547 Crassus
870 481 1052 568 descripsit·
1068 486 1311 553 accommodate-

262 599 305 665 ad
330 597 580 685 persuadendum
602 591 706 684 'possit
738 599 855 664 dicere.
900 598 937 687 ls
972 610 1074 665 autem
1106 602 1310 670 concludatur

142 770 146 773 .
262 719 296 781 in
323 734 376 793 ea,
411 734 491 799 quae
524 724 594 780 sunt
624 717 658 779 in
682 734 743 780 usu
774 700 931 782 civitatum
958 692 1083 801 uuleari
1112 737 1150 784 ac
1179 719 1309 800 lorensi,

261 808 450 917 remotisque
477 833 590 897 ceteris
613 833 748 910 studiis(
767 835 908 917 quamvis
936 853 977 899 ea
1004 836 1065 898 sint
1087 834 1193 922 ampla
1214 847 1307 922 atque

262 949 438 1036 praeclara,
461 947 569 1014 inhoc
590 969 652 1014 uno
675 969 778 1034 opere,
800 959 833 1014 ut
852 952 899 1014 ita
920 950 1033 1028 dicam,
1055 961 1165 1017 noctes
1188 962 1218 1018 et
1240 954 1309 1019 dies

262 1075 411 1151 urgeatur
442 1066 636 1150 imiteturque
664 1060 772 1142 illum,
804 1067 854 1131 cui
887 1069 955 1133 sine
988 1067 1083 1133 dubio
1115 1088 1234 1136 summa
1258 1073 1324 1135 uis

263 1182 389 1265 dicendi
420 1181 614 1257 conceditur,
645 1181 872 1247 Atheniensem
898 1180 1154 1262 Demosthenem,
1181 1187 1220 1250 in
1248 1206 1310 1272 quo

238 1309 379 1367 ,tantum
401 1298 533 1364 studium
554 1298 653 1364 luisse
675 1308 839 1384 tantusque
860 1298 955 1365 labor
976 1300 1100 1378 dicitur,
1125 1312 1157 1366 ut
1178 1304 1310 1388 primum

262 1417 482 1504 impedimenta
513 1424 643 1480 naturae
680 1415 860 1504 diligentia·
879 1416 1096 1502 industriaque
1127 1430 1308 1504 superarem
1384 1407 1386 1411 ’

263 1551 393 1617 cumque
416 1534 462 1597 ita
482 1531 596 1596 balbus
619 1541 717 1608 esset,
746 1543 779 1597 ut
800 1535 868 1598 eius
891 1510 990 1620 ipsius
1013 1536 1104 1611 artis,
1132 1537 1182 1599 cui
1202 1535 1308 1601 stude-

261 1660 320 1737 ret,
340 1651 472 1735 primam
487 1647 611 1714 literam
631 1668 695 1714 non
709 1660 817 1735 posset
837 1650 953 1735 (licere,
974 1628 1105 1737 perfecit
1120 1651 1309 1730 meditando,

261 1777 295 1853 ut
315 1786 407 1833 nemo
425 1765 549 1853 planius
571 1785 644 1831 esse
666 1761 1082 1853 locutusputaretur3'261.
1105 1760 1218 1834 deinde
1241 1789 1309 1835 cum

259 1886 389 1971 spiritus
412 1885 480 1957 eius
503 1891 589 1947 esset
608 1884 779 1966 angustior,
800 1893 918 1950 tanturn
940 1885 1128 1951 continenda
1151 1887 1308 1951 animuin
1340 1893 1347 1899 “

264 1999 397 2085 (licendo
419 2008 468 2064 est
490 2002 664 2078 assecutus,
684 2009 717 2063 ut
737 2016 801 2064 una
822 2003 1054 2089 continuatione
1075 2002 1240 2068 verborum
1262 2001 1308 2084 (id

264 2116 347 2202 quod
368 2117 437 2181 eius
459 2118 576 2202 scripta
597 2116 777 2198 declarant)
805 2117 900 2183 binae
927 2120 957 2183 ei
985 2122 1199 2185 contentiones
1221 2121 1308 2185 vocis

264 2244 296 2319 et
328 2234 534 2299 remissiones
567 2234 815 2312 continerentur3
848 2236 900 2320 qni
931 2237 1044 2327 etiam,
1077 2246 1110 2302 ut
1141 2238 1308 2302 memoriae

261 2350 490 2438 melitonem,
514 2351 664 2431 coniectis
687 2352 720 2414 in
742 2370 779 2416 os
802 2351 935 2417 calculis
958 2352 1081 2418 summa
1100 2372 1178 2419 voce
1198 2370 1309 2418 versus
1356 2408 1359 2413 .

262 2467 375 2533 multos
390 2486 453 2531 uno
476 2468 586 2552 spiritu
599 2470 799 2553 pronuntiare
821 2469 1050 2535 consuescebat
1071 2490 1172 2556 neque
1188 2472 1217 2536 is
1232 2476 1309 2536 'con-

263 2586 378 2654 sistens
400 2585 433 2648 in
449 2582 532 2661 loco,
556 2584 613 2650 sed
635 2584 833 2651 inambulans
856 2596 948 2671 atque
972 2605 1107 2654 ascensu
1128 2588 1309 2671 ingrediens

144 2818 146 2822 ’
264 2831 315 2903 Lg.
331 2831 374 2887 65.
390 2830 432 2883 70.
451 2830 492 2884 73.
522 2833 694 2887 occonmod.
712 2833 754 2887 69.
775 2864 806 2874 -
829 2840 859 2888 et
875 2833 950 2903 dies]
969 2840 1058 2905 atque
1076 2833 1141 2890 dies
1157 2835 1310 2906 igme.—

263 2921 450 2988 rcrqealur—
462 2917 606 2983 imitetur]
628 2915 834 2990 rt'rffleamtrtr—
846 2921 998 2972 imitentur
1017 2917 1067 2989 Lg.
1082 2920 1122 2974 ll.
1137 2918 1179 2974 93.
1195 2921 1237 2974 69.
1256 2921 1310 2987 93.,

262 2998 331 3052 illud
351 2999 432 3051 etiarn
451 2996 493 3052 21.
511 2998 554 3052 67.
573 2998 607 3054 76
619 3018 689 3055 corr.
706 3000 749 3057 81.
782 3009 947 3079 Xorqoeatur
962 3003 1005 3059 35.
1020 3003 1063 3058 65.
1076 3004 1118 3058 70.
1132 3004 1173 3059 73.
1193 3002 1311 3058 sortasse
1396 3074 1398 3078 Ι
1482 2990 1483 2995 ¹

264 3083 373 3147 verius,
396 3080 445 3134 sed
463 3098 554 3136 rarum
570 3082 598 3137 in
617 3083 658 3137 lris
677 3084 752 3138 llbrls
772 3095 821 3141 est.
840 3114 876 3127 ·-
900 3089 1070 3158 superaret]
1088 3089 1128 3140 sic
1145 3082 1195 3159 Lg.
1215 3104 1310 3142 omnes

262 3175 375 3239 praeter
392 3165 434 3220 69.
446 3165 480 3220 93
495 3166 535 3234 (1ιί
550 3170 733 3241 superasset)
751 3169 822 3224 Vict.
853 3176 1003 3243 superarit
1020 3172 1072 3227 Gn.
1084 3173 1108 3227 2.
1130 3172 1214 3226 Gron.
1229 3172 1263 3225 al.
1274 3200 1311 3237 -ε

256 3252 384 3326 plantus
402 3268 466 3305 esse
485 3251 609 3322 locutus]
628 3255 668 3308 sic
682 3252 745 3307 Vet.
764 3253 859 3324 steph.
881 3253 971 3309 Havn.
991 3255 1014 3311 l.
1034 3256 1069 3310 2..
1083 3256 1134 3312 Gn.
1150 3258 1173 3311 l.
1192 3255 1217 3310 9.
1240 3255 1311 3309 vict.
1410 3311 1413 3315 ,

261 3335 313 3408 ng.
328 3335 369 3391 69.
388 3335 431 3391 93.
462 3336 509 3408 pt.
531 3354 566 3392 eo
583 3356 647 3392 esse
665 3338 779 3393 loeutus
796 3336 1058 3415 Lg.xx.‚71.amb.y‚
1075 3340 1157 3394 modo
1177 3326 1251 3409 quod
1267 3339 1312 3423 lrie

253 3419 380 3559 ΖΙΖΞΖΞΞΞ
403 3436 482 3484 esse,
508 3431 538 3476 ut
559 3421 611 3493 Lg.
631 3424 674 3478 76.
720 3420 867 3500 vulgatum
890 3421 925 3475 ab
948 3422 1021 3476 Aldo
1044 3423 1252 3497 receptantes
1276 3440 1311 3477 eo

239 3624 245 3631 ·
349 3608 410 3661 961.
446 3608 658 3675 contentiones]
685 3611 898 3662 contentionem
919 3607 971 3679 bg.
989 3610 1015 3664 6.
1038 3635 1075 3647 -
1108 3608 1317 3677 remissionesl

261 3695 449 3746 remissionis
472 3689 522 3760 Lg.
541 3691 583 3745 65.
602 3720 637 3732 —-
660 3695 870 3764 pronuntiare]
891 3710 942 3763 per
960 3711 976 3747 c
993 3691 1044 3762 Lg.
1063 3691 1105 3746 73.
1122 3692 1195 3745 Vict.
1217 3721 1254 3733 -
1281 3696 1314 3746 ior

265 3777 342 3845 loco]
361 3779 392 3829 ia
410 3792 463 3829 om.
481 3773 531 3844 Lg.
550 3773 590 3828 ll.
610 3774 651 3829 15.
666 3777 712 3835 ,93.
732 3777 775 3830 67.
794 3776 837 3830 69.
856 3777 898 3831 76.
916 3776 959 3831 93.
979 3793 1042 3845 exp.
1062 3775 1104 3830 96.
1121 3803 1158 3815 -
1176 3776 1313 3844 ascensor]

211 3910 216 3927 ,
262 3861 302 3913 sic
323 3859 374 3929 Lg.
397 3867 508 3929 praeter
530 3860 555 3912 6.
579 3859 621 3912 67.
645 3860 705 3926 84.,
730 3877 845 3930 qnorum
867 3862 969 3930 primus
994 3859 1037 3915 ad
1061 3859 1218 3922 descensu,
1242 3858 1313 3913 alter

263 3957 396 4006 arcesso,
415 3942 510 3995 tertius
529 3959 549 3995 a
566 3956 670 4006 senam·
689 3945 753 3997 item
773 3943 824 3997 Gn.
843 3943 868 3998 9.
906 3950 915 3955 “

349 4028 424 4094 969.»
445 4043 511 4110 eqo]
531 4058 583 4096 om.
603 4041 653 4112 Lg.
673 4045 699 4123 6.
716 4061 797 4115 erqo
816 4042 867 4098 Gn.
887 4046 911 4098 1.
925 4071 964 4087 .-
996 4050 1028 4097 et
1044 4041 1086 4098 ad
1105 4039 1313 4109 laborem1ad

265 4140 319 4179 om.
333 4121 387 4193 Lg.
405 4123 509 4223 ⁹⁰3²&
528 4124 570 4179 67.
588 4124 632 4178 86.
649 4153 686 4165 -
715 4129 875 4195 assentior]
895 4128 1050 4183 adsentior
1070 4124 1120 4195 bg.
1139 4124 1184 4178 65.
1201 4123 1245 4182 79,
1267 4126 1311 4183 73.
