2980 4602
238 286 327 354 m
468 336 471 343 ,
628 276 888 345 oronnonrs

202 468 207 475 ¹
236 449 339 515 civilis
362 449 590 515 'eruditissimus
610 455 640 512 et
656 449 783 532 ingenio
797 447 1021 534 prudentiaque
1039 447 1237 512 acutissimus
1255 458 1286 513 et

236 570 378 632 oratione
400 569 533 631 maxime
548 564 674 629 limatus
691 575 782 650 atque
801 563 923 629 subtilis
943 573 1045 648 atque,
1067 573 1100 628 ut
1118 583 1178 647 ego
1195 562 1283 631 soleo

238 685 353 762 dicere,
376 685 453 748 iuris
474 684 643 769 peritorum
664 680 946 765 eloquentissimus,
973 680 1182 765 eloquentium
1204 684 1283 747 iuris
1328 679 1337 693 '

201 812 209 823 ·
236 802 464 887 peritissimus,
497 779 682 884 exscripto
716 807 969 862 testamentorum
1002 799 1073 861 iura
1106 775 1286 864 defenderet

234 926 435 1001 negaretque,
457 917 519 979 uisi
538 898 707 1001 postumus.
721 924 752 978 et
772 924 864 978 natus
887 923 926 990 et,
950 924 1117 998 antequam
1139 916 1172 978 in
1195 935 1282 980 suam

238 1032 367 1127 tutelam
386 1035 517 1109 veniret,
538 1041 676 1096 mortuus
699 1041 799 1107 esset,
822 1029 971 1116 heredem
994 1051 1065 1094 eum
1086 1050 1158 1095 esse
1180 1051 1284 1117 posse,

239 1152 295 1234 qui
309 1160 395 1214 esset
417 1148 586 1213 seeundum
600 1158 773 1233 postumum
796 1157 826 1211 et
846 1157 953 1243 natum
975 1156 1009 1210 etv
1027 1157 1177 1212 manuum
1192 1147 1284 1212 heres

237 1269 412 1342 institutus3
446 1284 505 1357 ego
537 1253 642 1328 autem
673 1263 872 1329 defenderem
904 1262 966 1328 hae
999 1280 1068 1327 eum
1093 1273 1157 1327 tum
1183 1276 1283 1330 mente

235 1383 349 1457 fuisse,
378 1383 431 1465 qui
458 1389 671 1444 testamentum
692 1380 838 1455 fecisset,
866 1390 911 1455 ut,
940 1382 968 1443 si
994 1379 1075 1444 filius
1103 1400 1166 1444 non
1187 1393 1282 1458 esset,

234 1501 288 1584 qni
310 1501 343 1563 in
364 1517 453 1562 suam
474 1494 601 1561 tutelam
616 1499 746 1570 veniret,
768 1494 822 1559 Μ’.
842 1494 953 1560 Curius
971 1507 1055 1560 esset
1070 1495 1172 1560 heres.
1201 1475 1281 1561 Num

237 1714 347 1781 torum]
370 1709 415 1784 ὕφ’
435 1712 467 1767 ἓν
484 1711 534 1783 Lg.
552 1713 593 1769 73.
612 1690 653 1768 81.
673 1712 715 1767 84.
732 1741 768 1753 -
790 1713 962 1783 postumus]
975 1711 1154 1785 posthumus
1171 1712 1221 1783 Lg.
1243 1715 1282 1770 14.
1391 1770 1400 1777 .

233 1798 275 1852 21.
293 1798 335 1852 93.
356 1798 396 1851 St.
416 1795 486 1852 lunt.
505 1797 565 1852 ard.
586 1796 663 1852 Man.
683 1800 721 1851 ita
739 1815 809 1851 corr.
828 1798 870 1851 23.
899 1800 1070 1869 postumius
1088 1797 1128 1850 24.
1143 1824 1178 1837 κ-
1199 1816 1283 1852 soum

235 1883 371 1950 tutelam]
398 1883 454 1935 inv.
478 1881 528 1952 ng.
553 1881 595 1935 69.
619 1881 661 1936 93.
699 1882 835 1935 tutellem
859 1884 884 1934 4.
911 1880 951 1934 Cf.
971 1881 1130 1934 Schneideri
1157 1882 1202 1937 Gr.
1225 1884 1282 1937 Sat.

92 1982 97 1989 ·
176 2005 181 2010 ·
233 1967 289 2019 vol.
308 1965 370 2020 12.
390 1984 417 2035 p.
436 1966 495 2019 414.
514 1994 549 2005 —-
577 1967 705 2034 venerer]
725 1966 831 2019 restitui
852 1967 1027 2035 plurimorum
1045 1968 1221 2036 scripturam}
1245 1970 1284 2021 sio

235 2050 306 2103 enim
323 2048 381 2103 Erl.
402 2050 424 2103 Ι.
446 2049 497 2102 Gn.
516 2049 685 2115 3.·nrs.,a1.
705 2067 750 2120 ap.
770 2049 931 2116 Pentrorum,
949 2050 999 2124 [ng.
1021 2068 1115 2103 ornnes
1132 2061 1241 2120 praeter
1256 2056 1282 2106 4.

233 2133 266 2189 81
286 2151 356 2188 corr.
376 2133 418 2187 84.
465 2133 597 2193 Venisset
616 2134 691 2186 nulia
708 2151 738 2186 re
756 2134 847 2204 potins
865 2142 920 2199 est3
942 2137 1031 2205 agitur
1048 2136 1118 2188 enim
1137 2136 1171 2189 de
1190 2136 1285 2208 regnia

233 2219 299 2271 iuris
324 2218 514 2271 constituenda
538 2234 573 2270 ex
600 2235 631 2271 re
658 2218 789 2271 iudicata:
816 2235 843 2272 ν.
867 2226 987 2272 nostram
1012 2236 1106 2283 eornm.
1137 2222 1172 2274 de
1190 2223 1283 2276 formis

234 2310 328 2356 ennnt.
353 2301 464 2356 conditt.
489 2302 521 2356 L.
542 2301 574 2355 L.
599 2321 625 2373 p.
645 2302 686 2356 46.
736 2302 767 2355 ld
793 2304 892 2373 legitur
914 2304 941 2355 in
964 2302 1045 2356 Nori.
1069 2304 1145 2358 Harl.
1164 2307 1189 2358 2.
1209 2326 1238 2359 τι.
1253 2325 1282 2374 γ.

233 2386 323 2441 Havn.
342 2389 365 2441 1.
384 2389 409 2441 2.
439 2386 490 2440 Gn.
512 2387 534 2441 l.
553 2386 577 2441 2.
613 2386 663 2457 Lg.
689 2387 791 2454 tribus,
819 2388 879 2440 Atd.
900 2386 969 2441 lunt.
996 2387 1068 2441 Crat.
1089 2386 1164 2443 Man.
1187 2388 1282 2443 Lamb.

231 2473 328 2528 Pente.
354 2466 467 2525 reeentt.
496 2479 559 2541 post
582 2469 648 2524 Ern.
673 2501 709 2513 -
744 2489 808 2525 esse
826 2472 927 2543 posse]
954 2489 1018 2524 esse
1041 2489 1100 2526 ηιττι
1120 2490 1209 2545 posse
1231 2473 1282 2544 Lg.

231 2565 343 2628 praeter
360 2559 385 2611 2.
400 2558 425 2611 3.
439 2559 463 2611 4.
478 2557 518 2610 13.
531 2557 573 2611 32.
586 2557 629 2610 36.
642 2557 686 2610 67.
706 2556 756 2610 Gur.
773 2556 795 2609 1.
809 2555 833 2609 2.
852 2557 891 2609 ite
903 2573 973 2611 corr.
987 2557 1029 2611 32.
1048 2587 1084 2598 —
1095 2560 1283 2630 postumum]

230 2649 390 2714 postumus
414 2641 464 2712 ng.
482 2634 524 2694 69.
547 2641 582 2693 de
599 2658 651 2694 sor.
666 2639 845 2712 posthumus
862 2658 889 2694 v.
908 2657 981 2710 supr.
1005 2667 1040 2680 —
1071 2648 1101 2693 et
1118 2643 1233 2708 natum]
1255 2649 1285 2695 et
1330 2635 1334 2647 ⁸

236 2744 288 2780 orn.
307 2726 358 2796 Lg.
375 2726 418 2780 67.
436 2754 472 2765 —-
497 2742 550 2795 eqo
568 2731 668 2778 autem
686 2725 887 2794 defenderem]
908 2724 950 2777 lta
967 2725 1055 2777 Havn.
1075 2725 1098 2777 l.
1117 2725 1141 2777 2.
1165 2724 1196 2776 Z.
1214 2745 1240 2778 α.
1254 2745 1282 2794 γ.

233 2808 290 2863 Erl.
307 2810 330 2862 l.
350 2808 409 2861 Eri.
427 2807 478 2862 Gn.
495 2808 556 2862 1.2.
576 2809 646 2863 vict.
666 2809 716 2880 ng.
736 2813 761 2863 4.
783 2809 823 2862 15.
843 2812 883 2863 16.
902 2809 944 2863 24.
961 2808 1001 2861 76.
1015 2809 1056 2862 73.
1075 2807 1106 2861 81
1122 2824 1191 2861 corr.
1212 2818 1242 2863 rrt
1257 2809 1283 2863 2.

233 2891 275 2945 ot.
294 2893 336 2945 86.
357 2901 385 2945 et
401 2892 484 2963 volgo
502 2893 537 2946 ab
555 2893 615 2947 ΑΙι1.
637 2894 672 2946 ad
692 2893 785 2957 Grnt.;
811 2895 986 2947 restituerunt
1003 2891 1066 2946 Sch.
1089 2889 1137 2946 Or.
1157 2892 1217 2961 (qni
1237 2910 1283 2953 nn·
1311 2895 1328 2965 f
1409 2885 1415 2892 ¹

235 2977 302 3030 cinis
321 2983 409 3029 tamen
428 2976 535 3046 clausit)
553 2960 636 3032 Henr.
672 2995 725 3047 eqo
749 2978 818 3031 lieet
838 2977 897 3046 des.
920 2977 955 3031 U.
974 2985 999 3044 β.
1012 2979 1038 3030 6.
1054 2995 1076 3030 e.
1097 2977 1160 3031 Vet.
1186 2977 1282 3047 Steph.

124 3052 127 3058 ¹
235 3060 286 3115 Gn.
306 3062 331 3114 3.
354 3060 443 3115 Halm.
461 3060 511 3132 Lg.
532 3061 557 3115 2.
576 3063 601 3116 3.
620 3062 645 3115 5.
662 3063 687 3116 6.
709 3063 804 3118 1314.
825 3063 864 3118 17.
880 3062 922 3116 20.
940 3061 982 3115 21.
997 3061 1041 3116 23.
1059 3061 1100 3115 35.
1120 3062 1162 3116 36.
1179 3062 1222 3115 67.
1239 3061 1282 3116 66.

234 3146 288 3199 sed
304 3146 346 3199 32.
384 3145 522 3199 videlieet
545 3146 595 3217 Lg.
615 3146 657 3201 93.
682 3147 741 3201 rell.
766 3148 827 3200 edd.
852 3148 991 3214 antiquiss.
1015 3163 1099 3216 marg.
1121 3145 1193 3199 Cret.
1229 3163 1282 3216 eqo

233 3230 420 3284 uoluntatem
443 3229 502 3299 des.
530 3232 565 3284 de
587 3231 725 3285 Comerari
749 3232 819 3285 ceni.
846 3231 923 3285 Grut.
948 3229 1046 3304 Maeli.
1071 3261 1102 3270 -
1135 3229 1191 3283 loeo
1217 3247 1284 3283 ωιτη

233 3317 308 3382 tum]
329 3331 396 3368 ωιτη
413 3313 470 3367 leae
487 3322 551 3368 tom
568 3315 619 3386 Lg.
639 3317 663 3371 3.
683 3316 708 3369 5.
726 3317 751 3371 6.
773 3317 813 3369 13.
831 3316 884 3369 23»
896 3315 938 3369 65.
958 3314 999 3368 76.
1019 3315 1061 3368 73.
1079 3313 1122 3368 86.
1135 3313 1184 3379 93.
1216 3331 1283 3366 ωιτη

234 3405 335 3453 aetum
354 3399 405 3452 Gn.
421 3399 444 3452 3.
481 3416 549 3451 ωιτη
567 3417 604 3452 ea
622 3405 685 3452 tum
702 3402 727 3453 4.
763 3408 826 3453 tum
837 3417 895 3472 orn.
915 3400 967 3453 Gu.
980 3402 1004 3452 l.
1016 3400 1041 3452 2.
1062 3398 1151 3451 ssavo.
1169 3398 1194 3451 2.
1211 3398 1284 3450 Vict.

230 3483 292 3537 Aul.
309 3482 377 3537 lunt.
395 3483 467 3537 Crat.
482 3483 561 3551 Mon.
577 3482 673 3553 steph.
688 3483 800 3549 Lomb.;
820 3485 925 3537 uncinis
941 3484 1037 3550 clausit
1051 3479 1100 3535 Or.
1135 3499 1201 3535 ωιτη
1217 3498 1284 3541 ωιτη

231 3567 320 3621 Ηιινη.
348 3568 370 3620 1.
407 3584 473 3619 ωιτη
498 3565 556 3620 tao
579 3585 646 3621 ωιτη
669 3567 727 3623 Eri.
754 3565 776 3622 1.
813 3586 880 3622 ωιτη
903 3567 960 3621 hae
984 3574 1084 3620 temere
1106 3565 1155 3636 Lg.
1180 3568 1219 3620 14.
1239 3565 1281 3619 69.

229 3652 318 3705 Halm.
344 3680 380 3692 -
410 3658 444 3707 ot
462 3652 507 3718 si]
534 3655 563 3704 st
579 3668 630 3705 our.
649 3652 700 3722 ng.
719 3652 744 3706 2.
768 3655 808 3709 13.
828 3654 862 3707 32
880 3652 951 3706 add.
973 3651 1024 3706 Gn.
1043 3652 1068 3705 3.
1105 3656 1139 3704 ut
1154 3648 1235 3718 filius
1256 3653 1284 3702 ai

229 3735 271 3789 36.
296 3765 332 3775 —
362 3736 493 3801 veniret]
517 3751 578 3788 ηοττ
602 3740 659 3789 iret
683 3736 732 3807 Lg.
754 3740 794 3792 14.
816 3738 854 3795 15.
877 3737 919 3792 26.
946 3736 1036 3791 Hahn.
1053 3732 1057 3743 “
1073 3738 1131 3788 iret
1153 3734 1195 3790 93.
1223 3733 1282 3786 rell.

232 3819 294 3872 edd.
313 3820 397 3887 antiq.
433 3822 560 3871 uertisset
576 3819 670 3874 Lamb.
690 3820 756 3876 Ern.
775 3822 838 3875 sch.
876 3826 975 3891 qm’-
987 3822 1101 3874 veniret
1120 3836 1173 3871 om.
1193 3817 1228 3871 U.
1249 3817 1280 3872 Z.

230 3901 288 3956 Ers.
309 3902 360 3973 Lg.
379 3906 404 3957 4.
425 3904 520 3957 1332
540 3903 601 3957 add.
622 3904 663 3959 36.
685 3938 716 3946 -
745 3904 802 3960 M’.
826 3904 945 3973 Curius]
971 3903 1015 3958 M.
1039 3902 1144 3956 Curius
1168 3901 1212 3955 hio
1230 3900 1282 3970 Lg,

229 4003 325 4040 omnes
349 3989 460 4057 praeter
485 3989 528 4053 3.,
559 3989 622 4043 item
647 3988 717 4046 Viet.
742 4020 777 4030 -
805 3997 883 4044 esset
904 3989 1003 4060 teres]
1032 3989 1089 4046 inv.
1116 3986 1166 4059 ng.
1189 3987 1215 4043 3.
1239 3986 1283 4042 23.
