2876 4612
267 294 366 371 m
666 254 921 359 crosuouls

269 471 333 527 turn
358 477 433 527 essa
457 456 567 537 voltis3
598 458 656 524 sed
681 459 763 524 inter
788 456 1066 527 conformationem
1090 456 1268 525 verborum
1302 469 1335 524 et

270 578 492 646 sententiarum
502 574 568 642 hoc
585 576 723 652 interest,
741 574 825 661 quod
841 572 1008 641 uerborum
1021 573 1151 652 tollitur,
1173 577 1203 641 si
1217 575 1338 642 verba

167 698 170 705 “
271 695 420 771 mutarim
447 693 670 759 sententiarum
691 700 865 777 permanet,
887 690 1122 777 quibuscunque
1144 691 1255 758 verbis
1284 694 1337 757 uti

269 811 361 879 uelis.
405 808 497 889 Quod
518 809 643 895 quidem
658 827 733 885 vos,
756 809 816 873 etsi
837 808 953 884 tacitis,
974 817 1081 873 tamen
1102 808 1337 886 admonendos

269 937 358 1017 pato,
383 947 424 993 ne
451 926 525 1011 quid
552 944 625 991 esse
653 924 740 990 alind
766 925 902 990 oratoris
928 926 1055 1010 putetis,
1082 925 1166 1010 quod
1193 926 1338 1010 quidem

271 1049 313 1111 sit
334 1044 498 1129 egregium
523 1051 616 1127 atqua
643 1040 803 1118 mirabile,
830 1041 894 1105 uisi
920 1042 954 1107 in
975 1040 1109 1124 siugulis
1129 1041 1238 1107 verbis
1263 1042 1336 1107 illa

269 1163 332 1231 tria
354 1170 477 1237 tenere,
503 1167 537 1225 ut
560 1158 724 1225 translatis
750 1166 873 1231 utamur
897 1156 1077 1242 frequenter
1102 1158 1331 1245 interdumque

271 1279 387 1355 lactis,
412 1295 488 1343 raro
510 1286 613 1345 autem
638 1276 734 1340 etiam
758 1275 963 1359 pervetustis3
993 1276 1027 1339 in
1046 1284 1197 1361 perpetua
1218 1286 1334 1341 antem

273 1397 415 1463 oratioue
447 1413 517 1460 cnm
547 1402 578 1458 et
609 1391 836 1457 coniunctionis
862 1390 1023 1456 lenitatem
1054 1401 1085 1456 et
1110 1411 1354 1483 numerorum„

273 1531 367 1598 quam
388 1511 463 1587 diui,
483 1511 637 1576 rationem
657 1509 858 1582 tenuerimus,
880 1517 943 1572 tum
964 1517 1014 1572 est
1034 1509 1126 1593 quusi
1147 1507 1329 1576 luminibus

274 1627 495 1712 distinguenda
525 1634 557 1693 at
581 1624 809 1711 frequentanda
835 1626 936 1690 omnis
964 1625 1066 1690 oratio
1095 1628 1326 1691 sententiarum

275 1755 367 1832 atque
391 1744 567 1821 uerborum.

361 1858 442 1929 Llll.
470 1860 544 1925 263.
566 1857 646 1925 Nam
668 1868 699 1923 et
720 1858 927 1953 commoratio¹
943 1876 1007 1923 una
1027 1860 1061 1923 in
1081 1877 1115 1922 re
1136 1858 1326 1943 permultum

274 1987 377 2045 movet
403 1986 434 2042 at
458 1975 590 2041 illustris
622 1973 800 2060 explanatio
827 1993 1007 2061 rerumque,
1040 1976 1131 2060 quasi
1158 1985 1322 2058 gerantur,

277 2170 444 2234 0r.1{enr.;
468 2170 597 2224 addicunt
620 2169 670 2241 Lg.
688 2169 713 2225 3.
733 2173 758 2225 4.
784 2171 823 2227 13.
843 2172 878 2226 33
896 2190 966 2227 corr.
987 2171 1029 2226 36.
1049 2171 1091 2225 66.
1126 2171 1170 2224 Ex
1188 2171 1319 2227 Lucretio

216 2324 226 2335 ·
276 2257 384 2326 quidem
408 2255 469 2309 solo
493 2271 549 2309 vox
571 2253 698 2319 offertum
724 2272 820 2309 verum
845 2274 914 2326 opus
933 2265 975 2309 est
997 2272 1031 2308 ea
1051 2264 1078 2309 et
1096 2254 1174 2308 nimis
1197 2257 1318 2328 ineptum

277 2351 320 2396 eut
335 2341 476 2412 vulgatum
494 2337 728 2393 Innumerabiles.
741 2366 778 2380 -
793 2341 846 2393 sed
863 2343 951 2408 inter]
970 2345 1048 2395 inter
1063 2356 1137 2410 quor
1153 2338 1210 2394 hoe
1227 2345 1319 2395 inter·

277 2432 323 2480 est
339 2425 390 2497 lug.
405 2425 448 2480 36.
478 2423 533 2478 sed
550 2427 628 2477 inter
644 2440 716 2492 quos
734 2422 929 2478 lroc'tnterest
946 2426 972 2479 3.
1003 2428 1135 2494 interque
1152 2424 1209 2479 ltoc
1226 2428 1318 2479 inter-

276 2516 322 2564 est
345 2509 398 2564 sed
419 2511 444 2564 4
480 2512 559 2562 tuter
580 2524 653 2577 quos
676 2506 733 2561 hoc
756 2511 893 2572 interest,
920 2509 973 2561 sed
999 2507 1039 2563 13.
1065 2507 1099 2561 33
1118 2525 1188 2563 corr.
1220 2509 1318 2565 (16.3.

276 2593 374 2648 Eidem
388 2602 460 2664 ¹post
482 2596 605 2646 interest
628 2608 681 2645 om.
699 2619 735 2631 —
765 2590 1039 2660 conformationem]
1062 2590 1327 2659 eonfiruteutt'mrem⁴

277 2677 328 2749 Lg.
337 2676 409 2743 xli,
423 2693 539 2745 quorum
549 2684 611 2729 suut
623 2682 712 2728 tamen
726 2674 751 2730 3.
765 2674 805 2730 13.
818 2675 852 2730 33
867 2692 937 2731 corr.
951 2676 1003 2742 36.,
1023 2677 1087 2731 item
1099 2676 1168 2730 vict.
1189 2676 1241 2731 Gu.
1250 2677 1317 2731 3.-

198 2774 206 2787 ‘
278 2761 403 2827 tollitur]
427 2760 531 2815 addunt
553 2764 690 2813 uenustas
714 2757 765 2828 Lg.
783 2758 808 2813 3.
827 2762 852 2811 4.
871 2760 896 2814 6.
922 2761 962 2812 15.
985 2760 1028 2815 34.
1051 2759 1093 2814 67.
1117 2760 1159 2816 84.
1188 2761 1227 2814 ita
1244 2779 1317 2818 corr.

277 2845 320 2900 33.
342 2853 370 2899 et
387 2844 445 2910 33.,
471 2853 500 2898 ut
522 2844 598 2897 dedit
612 2842 708 2898 Lamb.
731 2874 763 2883 -
790 2846 823 2896 tn
840 2844 975 2914 stnprrlts]
997 2846 1028 2896 tn
1048 2843 1255 2915 0611934.
1276 2846 1319 2901 13.

273 2929 313 2985 33
330 2928 392 2982 add
414 2928 457 2982 36.
486 2928 538 2982 Gu.
555 2926 580 2983 3.
602 2955 637 2970 —
661 2926 766 2996 factis]
784 2926 864 2996 lictis
888 2926 938 2998 Lg.
956 2928 999 2982 34.
1025 2928 1064 2981 ito
1086 2945 1146 2984 var.
1171 2932 1195 2984 4.
1219 2930 1261 2983 33.
1281 2959 1320 2970 -

278 3011 381 3077 ettam]
399 3017 429 3062 et
453 3009 505 3063 Gu.
523 3012 548 3064 3.
566 3039 601 3050 -
631 3015 662 3065 tn
676 3012 834 3082 perpetuu]
857 3011 892 3065 de
912 3011 1083 3066 distinctione
1103 3021 1205 3067 mutata
1224 3030 1251 3069 v.
1270 3032 1320 3068 ex·
1416 3004 1417 3035 ³

277 3094 446 3166 plicationes.
462 3123 493 3132 -
513 3108 579 3145 cum
595 3098 624 3145 et
638 3097 796 3162 contenet]
813 3112 879 3148 rrum
896 3112 948 3149 om.
967 3094 1074 3165 Lg.13.
1093 3097 1219 3165 idemque
1234 3098 1317 3167 paulo

277 3187 342 3250 post
360 3181 511 3232 renuerem.
529 3206 562 3216 -
590 3177 754 3244 lenitatem]
772 3178 921 3231 leuitatem
939 3164 990 3249 lig.
1008 3166 1025 3230 4
1043 3197 1115 3235 corr.
1136 3181 1175 3236 13.
1196 3181 1227 3232 17
1244 3197 1316 3235 corr.

277 3264 313 3317 33
326 3278 395 3317 corr.
413 3261 455 3317 35.
471 3261 513 3316 36.
532 3260 575 3316 65.
589 3260 632 3316 uu.
649 3261 692 3315 81.
706 3260 749 3316 93.
770 3261 822 3315 Gu.
837 3262 861 3316 3.
879 3279 935 3316 nou
952 3263 1083 3328 deterius,
1098 3264 1180 3317 simili
1196 3264 1232 3318 de
1249 3282 1318 3318 mar·

277 3365 355 3402 more
372 3353 496 3417 sumpto,
519 3346 594 3416 quod
616 3345 768 3415 sculptores
785 3345 869 3416 digito
887 3356 915 3400 et
933 3362 1022 3416 ungue
1044 3347 1178 3416 impresso
1196 3350 1317 3420 exigunt,

271 3449 314 3485 ,ne
333 3432 398 3500 quid
416 3429 544 3484 offendat.
579 3428 686 3484 Eodem
708 3429 735 3482 iu
753 3429 849 3483 eodem
869 3448 899 3484 re
917 3430 1052 3485 vocabulo
1072 3431 1156 3485 utitur
1173 3432 1317 3490 uelatum·

278 3531 329 3567 nus
345 3514 381 3569 X.
401 3513 432 3580 1,
448 3513 507 3580 53,
530 3514 576 3568 ulti
592 3515 658 3570 vide
674 3513 873 3569 Frotscherum.
910 3514 1012 3567 Verum
1030 3513 1127 3568 Cicero
1146 3514 1190 3569 hic
1207 3518 1319 3587 respicit

279 3614 350 3667 quae
373 3598 410 3651 de
425 3613 495 3652 sono
512 3598 664 3653 verboruut
684 3599 783 3652 leuiter
799 3607 827 3652 et
848 3597 1026 3668 aequabiliter
1045 3598 1245 3655 decurrentium
1262 3617 1317 3654 uon

271 3699 379 3752 ,aspero
403 3683 510 3737 dixerat
532 3701 555 3738 c.
578 3683 627 3748 43,
651 3682 708 3737 173.
740 3682 772 3737 V.
795 3682 1002 3753 explicationes.
1023 3713 1054 3724 -
1085 3686 1182 3737 omnis
1207 3685 1317 3751 oratio]

279 3769 376 3821 omnis
392 3771 473 3823 netto
492 3767 542 3838 Lg.
561 3766 586 3823 6.
605 3767 647 3822 65.
666 3766 709 3820 63.
725 3766 767 3821 81.
785 3765 844 3833 63,
869 3774 899 3819 ut
920 3767 1058 3820 dederunt
1075 3765 1170 3820 Lamb.
1193 3772 1220 3820 et
1240 3765 1317 3834 Eum,

277 3868 334 3905 non
357 3851 548 3905 animadverso
567 3851 760 3921 coniungenda
778 3867 840 3905 esse
861 3849 1020 3905 luminibus
1039 3854 1253 3905 sententiarum
1270 3857 1316 3904 at·

278 3953 332 4005 que
348 3934 509 4007 uerborum.

363 4017 435 4073 Llll.
469 4018 529 4073 363.
564 4034 729 4086 rerumque,
747 4020 847 4087 quast]
865 4033 965 4072 remum
980 4035 1110 4088 quaeque
1126 4017 1176 4088 ng.
1191 4017 1216 4072 3.
1232 4018 1257 4072 4.
1276 4017 1313 4073 13.

277 4117 392 4164 retum,
416 4103 505 4169 quusi
525 4101 550 4155 3.
569 4099 595 4156 5.
614 4099 640 4156 6.
659 4100 699 4158 14.
721 4100 760 4157 16.
784 4100 826 4159 36.
844 4101 887 4158 31.
906 4100 949 4155 33.
964 4100 1007 4159 34.
1025 4101 1068 4156 35.
1084 4101 1128 4156 36.
1145 4101 1189 4156 65.
1209 4100 1253 4159 67.
1271 4100 1312 4158 uu.
