2942 4608
279 310 377 383 459
676 301 934 373 crcuuovis
1028 244 1032 251 ¹

279 478 473 562 discrepant,
499 470 613 539 iisdem
636 474 815 563 praeceptis
841 483 934 559 atque
960 458 1023 541 unu
1044 406 1237 542 iffidld'docdc
1259 476 1335 544 for-

278 596 368 662 mari.
412 590 464 658 35.
491 588 584 669 Quod
608 609 673 656 uon
699 599 747 657 est
773 594 833 669 ita;
860 589 1162 678 diligentissimeque
1188 591 1250 660 hoc
1277 605 1337 661 est

280 714 342 789 eis,
369 711 422 797 qui
443 709 604 775 instituunt
629 707 753 794 aliquos
778 716 870 793 atque
892 708 1048 786 erudiunt,
1074 709 1242 777 videndum
1264 731 1336 796 quo

279 848 339 897 sua
364 846 516 915 quemque
547 834 662 891 natura
692 826 826 890 maxime
857 823 941 890 forre
969 825 1122 894 videatur.
1174 823 1214 893 Et
1241 829 1333 894 enirn

277 947 419 1015 videmus
446 964 486 1011 ex
506 943 618 1009 eodem
643 944 737 1028 quasi
762 941 838 1008 ludo
862 947 1051 1009 summomm
1077 945 1112 1010 iu
1138 963 1196 1010 suo
1219 946 1332 1012 cuius-

265 1055 338 1152 “que
367 1081 485 1147 genere
517 1059 667 1127 artificum
702 1069 732 1125 et
763 1060 983 1145 magistrorum
1014 1062 1120 1127 exisse
1152 1061 1330 1148 discipulos

255 1222 258 1225 -
279 1180 546 1269 dissimilisjlnter
567 1199 602 1249 se
624 1198 663 1244 ac
684 1186 788 1244 tamen
809 1177 996 1255 laudandos,
1019 1198 1089 1245 cum
1111 1179 1329 1265 admoniusque

232 1308 236 1315 '
279 1309 423 1366 naturam
448 1272 600 1362 institutio
627 1295 765 1363 doctoris
799 1295 1096 1363 accommodaretur.
1143 1296 1195 1362 36.
1228 1294 1329 1362 Cuius

182 1466 186 1474 s
278 1428 328 1485 est
348 1415 400 1483 vel
420 1415 554 1481 maxime
580 1415 705 1498 insigne
727 1412 807 1478 illud
829 1413 1003 1499 exemplum
1025 1415 1071 1495 (ut
1093 1422 1216 1480 ceteras
1239 1423 1328 1481 artos

279 1533 486 1613 omittamus),
514 1530 598 1617 quod
624 1529 750 1597 dicebat
770 1528 929 1597 Isocrates
956 1530 1066 1597 doctor
1092 1530 1264 1615 singularis
1286 1550 1328 1596 se
1387 1580 1391 1589 .

279 1650 458 1719 calcarihus
479 1651 513 1713 in
533 1644 669 1734 Ephoro,
691 1658 802 1715 contra
823 1658 926 1714 autem
947 1650 981 1713 in
1000 1647 1203 1736 Theopompo
1225 1647 1327 1714 frenis

277 1772 321 1839 uti
343 1768 458 1836 solere.
501 1765 644 1832 Alterum
670 1767 754 1832 enim
776 1765 981 1832 exsultantem
1000 1765 1167 1832 verborum
1189 1765 1328 1832 audacia

276 1884 479 1974 reprimebat,
509 1883 640 1949 alterum
667 1892 862 1948 cunctantem
888 1892 919 1948 et
945 1884 1038 1969 quasi
1061 1883 1325 1971 verecundantem

277 2000 438 2069 incitabat.
481 1996 589 2084 Neque
612 2018 669 2065 eos
692 1999 806 2066 similis
828 1999 936 2066 effecit
956 2001 1037 2066 iuter
1058 2020 1103 2078 se,
1127 2001 1183 2068 sed
1205 2011 1324 2067 tantum

279 2119 371 2187 alteri
398 2114 530 2192 affinxit,
563 2114 603 2180 de
634 2114 734 2182 altero
760 2116 894 2195 limavit,
927 2126 960 2184 ut
990 2117 1023 2183 id
1049 2118 1258 2207 conformaret
1288 2122 1324 2184 in

278 2248 428 2322 utroque,
451 2231 534 2319 quod
554 2234 714 2319 utriusque
736 2244 850 2300 natura
870 2244 1036 2326 peteretur.

361 2349 405 2419 11.
441 2351 493 2418 37.
523 2348 611 2417 Haec
637 2370 677 2419 eo
704 2351 780 2418 mihi
805 2353 1019 2441 praedicenda
1044 2352 1183 2432 fuerunt,
1214 2363 1260 2431 ut,
1292 2357 1323 2420 si

279 2619 338 2660 nott
351 2618 441 2675 posse
464 2615 501 2653 ea
517 2601 604 2669 puae]
628 2617 682 2656 om.
699 2600 751 2672 Lg.
769 2601 811 2657 70.
831 2632 862 2643 —
890 2582 1009 2670 lisdem]
1033 2602 1129 2656 todem
1147 2601 1197 2673 lig,
1219 2580 1321 2661 10‘17]
1406 2609 1409 2613 .

181 2706 187 2717 ⁸
277 2690 322 2746 ott.
342 2687 383 2742 76.
407 2686 526 2740 rorasse
544 2693 628 2740 recte.
647 2712 683 2725 —-
709 2703 770 2740 una
788 2688 986 2757 institutione]
1004 2689 1143 2759 vulgatam
1161 2689 1323 2760 scripturam

279 2779 311 2830 tn
328 2789 389 2827 una
406 2773 594 2824 institutione
613 2771 723 2824 correxi
740 2773 889 2826 secuudum
908 2771 961 2845 173.
979 2772 1004 2827 5.
1023 2772 1064 2828 15.
1085 2773 1128 2826 16.
1146 2773 1187 2828 11.
1207 2774 1251 2828 31.
1268 2775 1323 2840 36,

277 2876 330 2914 nec
352 2858 463 2922 dubito,
487 2856 551 2924 quin
575 2856 675 2909 vocula
699 2859 730 2910 in
752 2857 981 2927 exsequentibus
1003 2874 1064 2913 una
1089 2861 1121 2913 in
1141 2874 1237 2912 errore
1257 2877 1323 2929 pro-

277 2951 374 2997 creata
389 2939 479 2995 luerit.
833 2960 837 2969 .

367 3074 410 3131 35.
447 3074 742 3147 dllipeattostmepue]
761 3092 816 3146 que
837 3076 915 3130 abest
932 3092 950 3129 e
965 3074 1016 3147 Lg.
1037 3077 1078 3132 15.
1098 3076 1138 3131 16.
1157 3076 1200 3131 14.
1219 3076 1261 3132 to.
1279 3077 1319 3132 73.

277 3164 321 3219 86,
333 3193 369 3202 -
389 3161 449 3230 est]
468 3177 520 3214 om.
535 3158 585 3231 173.
602 3159 643 3213 15.
657 3159 692 3212 14
704 3160 766 3214 add.
781 3159 823 3214 86.
838 3190 874 3200 -
891 3163 1025 3229 etenim]
1040 3164 1080 3216 sic
1093 3161 1200 3216 divisim
1214 3161 1264 3232 173.
1276 3162 1319 3218 67.

278 3249 322 3305 to.»
334 3247 375 3302 76.
394 3248 437 3301 si.
451 3245 494 3300 36.
515 3275 546 3285 -
566 3247 598 3298 ln
615 3261 668 3299 suo
688 3248 836 3315 cesosque]
855 3247 910 3301 inv.
926 3246 976 3318 [73.
992 3246 1033 3300 15.
1051 3248 1093 3301 14.
1107 3246 1150 3300 36.
1178 3251 1210 3301 iu
1229 3265 1282 3301 om.
1295 3248 1320 3301 3.

276 3336 371 3389 871-
401 3329 571 3397 dissimilis]
593 3329 690 3400 sculpsi
706 3331 854 3384 secundum
876 3330 968 3402 1733.
988 3331 1012 3386 5.
1036 3331 1076 3387 14.
1098 3331 1137 3386 15.
1159 3331 1261 3387 1611.
1279 3331 1320 3385 13.

223 3450 226 3461 .
276 3413 562 3472 stentoreos.
584 3445 615 3456 -
642 3432 679 3469 ac
696 3416 807 3483 tameo]
824 3425 933 3470 secutus
950 3434 1010 3470 sum
1026 3416 1258 3483 Henrichsenuru,
1275 3417 1321 3487 qui

276 3503 316 3557 sic
333 3500 408 3562 dedit
425 3516 460 3553 ex
479 3518 530 3554 sua
543 3502 710 3568 coniectura,
728 3517 807 3570 quam
826 3509 917 3555 tamen
933 3499 1024 3555 firmet
1041 3501 1130 3556 (16.1.
1149 3501 1200 3574 173.
1214 3502 1256 3559 31.
1289 3507 1322 3555 at

277 3594 387 3651 lamen,
405 3584 454 3657 173.
474 3585 560 3640 616.
579 3584 622 3642 67.
659 3586 750 3640 Ceteri
768 3586 817 3657 173.
837 3595 864 3640 et
882 3585 933 3642 Gu.
951 3584 974 3639 l.
995 3585 1063 3639 Vict.
1084 3586 1145 3640 edd.
1165 3604 1261 3641 omues
1276 3594 1322 3641 at-

278 3679 380 3727 tamen
397 3688 452 3725 nou
469 3688 536 3724 sane
554 3671 760 3725 accommodate
778 3672 814 3725 ud
831 3688 947 3726 sensum.
973 3669 1007 3724 V.
1026 3671 1063 3723 ad
1080 3669 1112 3726 ll.
1132 3671 1181 3738 59,
1199 3671 1260 3727 146.

364 3807 406 3863 36.
444 3810 522 3860 euim
545 3807 745 3861 exsultantem
761 3834 797 3850 μ-
815 3807 954 3874 altarem]
985 3823 1038 3861 om.
1064 3805 1322 3877 176301737ομ-
1349 3776 1353 3781 ⁴

277 3893 399 3960 similis]
423 3893 463 3945 sic
481 3891 531 3962 173,
552 3891 592 3946 16.
614 3891 653 3945 16.
674 3891 713 3947 17.
732 3892 774 3946 16.
794 3891 837 3947 11.
855 3892 896 3947 14
915 3892 958 3947 31.
976 3892 1018 3947 35.
1037 3891 1080 3947 65.
1098 3892 1142 3947 oe.
1159 3891 1200 3945 76.
1219 3892 1260 3946 73.
1280 3891 1321 3945 76.
1355 3946 1359 3951 ,

276 3976 529 4033 8186337101.
550 4006 581 4015 -
608 3975 724 4044 effecit]
739 3975 815 4044 feeit
832 3976 882 4047 173.
901 3978 943 4033 73.
968 3976 1047 4031 Haec
1063 3977 1115 4032 Gu.
1133 3976 1156 4031 l.
1174 3977 1211 4030 lta
1230 3976 1322 4046 pouit:

278 4065 356 4117 tuter
374 4078 406 4114 se
424 4059 538 4112 similes
556 4058 663 4127 effecti.
685 4090 715 4100 -
745 4059 962 4130 conformaret]
986 4061 1107 4132 Propter
1122 4062 1269 4116 coniuncta
1286 4061 1323 4114 11-

278 4143 384 4198 maodi
406 4152 434 4196 et
452 4140 617 4213 uffiepeadt
635 4144 736 4210 verba,
761 4142 857 4212 quibus
875 4145 981 4202 lictoris
1002 4146 1092 4217 imago
1109 4146 1270 4203 continuata
1287 4163 1323 4201 ex
