2968 4596
272 373 341 446 ,33
671 364 925 433 CICERONIS

277 540 429 616 exilitate,
452 539 506 624 qui
527 537 587 602 hae
608 537 731 603 dicendi
747 539 899 603 varietate
921 547 952 602 et
971 535 1211 620 elegantianon
1229 545 1319 604 utun-

277 664 348 724 tunt
375 656 474 721 Unum
489 657 548 721 erit
564 656 718 742 profecto,
733 655 865 741 555111,
886 655 939 740 qui
953 651 1033 720 bene
1051 653 1165 732 dieunt,
1188 654 1322 721 afferent

275 776 446 862 proprium,
476 774 679 859 compositam
704 775 878 839 orationem
904 782 935 837 et
961 782 1102 838 ornatam
1128 782 1159 837 et
1186 772 1320 838 artificio

276 892 411 979 quodam
433 882 463 956 et
484 890 672 977 expolitione
694 891 880 956 distinctam.
917 887 1005 955 Haec
1027 900 1129 955 autem
1151 891 1265 966 oratio,
1289 891 1320 953 si

222 993 226 1002 ¹
275 1030 328 1076 res
349 1028 413 1075 non
433 1007 541 1074 subest
562 1007 602 1074 ab
626 1019 751 1075 oratore
772 1016 919 1094 percepta
940 1017 971 1072 et
992 1009 1132 1091 cognita,
1156 1017 1209 1072 aut
1228 1006 1321 1079 nulla

275 1129 317 1193 sit
341 1145 474 1192 necesse
501 1135 549 1190 est
576 1136 629 1191 aut
654 1127 790 1191 emnium
815 1127 962 1191 irrisione
983 1124 1118 1190 ludatur.
1159 1122 1211 1191 51.
1234 1123 1319 1202 Quid

274 1254 323 1311 est
348 1247 432 1310 enim
456 1253 520 1308 tam
542 1234 713 1320 ¹furiosum,
747 1262 840 1329 quam
865 1241 1031 1308 verborum
1055 1241 1107 1308 vel
1133 1243 1318 1327 ¹optimorum

276 1372 367 1449 atque
394 1362 663 1439 emetissimorum
690 1362 809 1425 sonitus
835 1362 939 1426 inanis
966 1358 1055 1425 nulla
1080 1357 1222 1424 subiecta
1243 1379 1318 1424 sen-

272 1481 371 1546 tentia
397 1497 457 1544 555
483 1478 639 1542 scientiat
683 1476 838 1563 Quicquid
863 1479 923 1543 erit
948 1479 1042 1561 igitur
1068 1495 1250 1562 quacunque
1277 1496 1317 1540 ex

273 1606 340 1664 arte
362 1613 545 1681 quoeunque
566 1595 605 1660 de
621 1614 752 1679 genere,
775 1595 808 1661 id
830 1605 949 1673 orator,
973 1595 1001 1659 si
1021 1603 1169 1680 tanquam
1191 1594 1317 1660 clientis

271 1855 313 1910 76.
329 1853 372 1909 81.
390 1852 433 1909 84.
451 1849 494 1906 86.
513 1849 715 1907 urbanitatem
731 1867 791 1907 var.
810 1861 840 1906 ut
857 1862 875 1907 t.
893 1853 918 1907 2.
934 1854 958 1907 4.
977 1878 1012 1894 ›—
1036 1851 1173 1921 afferenr‘]
1192 1852 1231 1904 sic
1248 1844 1313 1903 Scir.

271 1938 307 1992 de
325 1937 396 1991 coni.
427 1933 477 1990 Or.
498 1935 582 1991 Henr.
606 1946 634 1991 et
653 1953 721 1989 sene
740 1946 788 1991 eut
808 1937 910 1991 sinaut
930 1936 1061 2006 afferant
1081 1935 1251 1990 scribendum
1271 1951 1315 1987 se·

272 2022 388 2076 cundum
405 2019 455 2091 Lg.
463 2019 506 2074 81.
525 2019 683 2075 1155512.
698 2019 763 2076 Bru.
787 2019 894 2075 Bakius
911 2021 1049 2093 vulgatum
1066 2021 1216 2075 defendens
1232 2018 1316 2089 piene

270 2107 362 2162 511555
380 2112 526 2174 comperet.
562 2103 692 2158 Futurum
712 2108 770 2158 5515
788 2105 901 2159 aiterum
921 2105 1038 2159 futurum
1055 2106 1189 2175 postulem
1215 2112 1316 2156 utrum-

271 2208 326 2261 que
348 2188 419 2243 enirn
443 2188 478 2242 de
500 2197 611 2244 oratore
634 2206 689 2241 nnn
713 2189 759 2257 qui
781 2206 853 2244 nunc
873 2191 923 2257 sit,
947 2190 997 2243 sed
1020 2190 1112 2243 futuro
1139 2190 1238 2243 dictum
1261 2196 1312 2243 est.

269 2274 342 2331 Nem
364 2273 431 2327 iilud
453 2275 507 2343 qui
528 2270 599 2325 bene
623 2273 726 2327 dieunt
750 2290 784 2326 55
806 2273 867 2345 iege
889 2291 945 2327 non
967 2272 1101 2340 afficitur,
1126 2291 1185 2326 curn
1203 2258 1315 2326 circum·

269 2359 408 2444 locutione
433 2358 550 2426 quadam
576 2364 710 2411 oratores
734 2356 878 2429 significet.
901 2357 1045 2427 adferunt
1072 2357 1123 2430 Lg.
1144 2357 1186 2412 65.
1209 2356 1249 2411 76.
1270 2352 1313 2412 73.

270 2441 1147 2515 5555555584.55593.--555555555Η55554555113Λ
1165 2440 1313 2496 51314.

271 2528 311 2584 15.
331 2528 372 2582 16.
391 2526 433 2581 21.
451 2526 492 2580 32.
511 2525 554 2581 35.
572 2524 614 2581 36.
633 2524 676 2581 65.
694 2527 736 2582 69.
757 2527 797 2581 70.
818 2527 859 2582 73.
878 2525 921 2582 81.
940 2527 982 2582 84.
1001 2526 1044 2582 86.
1062 2526 1105 2582 93.
1128 2527 1179 2581 Gn.
1192 2527 1219 2582 3.
1238 2542 1314 2598 prn-

264 2614 553 2687 memorationem
575 2610 686 2682 15520.
715 2616 876 2684 propriam
893 2618 923 2665 et
940 2614 1135 2684 compositam
1151 2611 1188 2666 U.
1208 2610 1250 2665 29.
1267 2610 1315 2667 67.

268 2698 311 2752 76.
332 2699 371 2752 ita
388 2714 457 2752 corr.
477 2706 505 2750 et
523 2713 586 2766 exp.
603 2695 646 2750 32.
664 2723 701 2736 -
735 2696 925 2768 expolitione]
948 2686 1143 2769 dispesitinne
1168 2694 1218 2766 Lg.
1237 2689 1319 2761 ΧΧΙ,

270 2789 465 2852 5555555555
480 2779 508 2834 2.
523 2780 549 2834 3.
568 2781 593 2834 4.
612 2779 655 2834 65.
674 2779 717 2835 67.
735 2779 778 2836 69.
796 2781 839 2836 76.
857 2782 898 2838 73.
919 2780 970 2836 Gu.
982 2783 1007 2836 3.
1025 2789 1051 2849 β.
1064 2782 1090 2835 3.
1099 2799 1120 2836 ε.
1139 2782 1178 2834 itu
1193 2788 1254 2833 ver.
1267 2779 1311 2834 76.

269 2864 344 2935 qued
361 2864 434 2917 unde
453 2871 542 2917 ortum
559 2863 596 2916 sit
611 2863 720 2927 uidebis
739 2883 774 2919 ex
790 2865 840 2938 Lg.
861 2867 901 2922 13,
918 2865 960 2922 32.
979 2865 1038 2932 36,
1062 2867 1108 2935 qui
1127 2868 1312 2938 enpusttiotw

267 2946 385 3012 hebent,
403 2948 431 3000 iu
448 2946 483 3001 32
500 2963 570 3002 corr.
585 2951 745 3019 positione.
770 2950 873 3004 Verum
891 2953 990 3004 mansit
1006 2952 1034 3004 in
1052 2950 1103 3004 Gu.
1123 2951 1146 3005 l.
1158 2950 1184 3005 2.
1201 2949 1252 3021 Lg.
1266 2948 1311 3006 81.

268 3032 311 3091 93.
329 3061 365 3073 -
389 3032 538 3099 irrisione]
558 3035 700 3086 inrisione
717 3032 768 3105 Lg.
785 3034 827 3089 32.
845 3034 943 3090 6576.
962 3036 1002 3091 73.
1018 3035 1060 3089 84.
1079 3034 1149 3090 Viet.
1167 3061 1202 3076 ——
1225 3034 1316 3107 Inda-2

268 3117 330 3184 tur]
355 3114 494 3170 laedatur
514 3115 550 3171 U.
585 3115 703 3172 dedatur
725 3118 777 3190 Lg.
796 3119 821 3174 6.
841 3119 882 3175 17.
900 3120 935 3175 65
952 3138 1023 3175 corr.
1046 3120 1088 3176 67.
1107 3119 1150 3177 69.
1169 3119 1211 3176 76.
1246 3120 1312 3176 latt-

268 3201 360 3259 datnr
378 3200 402 3255 2,
413 3217 489 3257 corr.
507 3200 577 3256 vict.
596 3219 666 3259 corr.
691 3202 742 3259 Gn.
760 3205 786 3258 3.
823 3204 1017 3261 1555555532.

354 3318 397 3374 51.
427 3314 479 3374 'est
502 3320 592 3390 enim]
618 3322 675 3375 inv.
698 3319 749 3392 Lg.
770 3320 811 3376 23.
832 3320 875 3376 69.
892 3321 935 3377 84.
962 3322 1014 3378 Gu.
1033 3323 1058 3378 1.
1094 3339 1162 3395 erqo
1184 3340 1212 3393 p.
1231 3323 1316 3399 55155-

267 3405 310 3463 67.
335 3420 387 3460 om.
406 3403 449 3460 84.
469 3430 504 3447 ·-
538 3406 603 3473 nee]
627 3422 719 3476 neque
734 3404 793 3478 ’15.
815 3406 856 3461 15.
876 3405 918 3462 26.
938 3407 981 3461 24.
998 3406 1040 3462 69.
1065 3405 1311 3464 55145511.-

268 3489 423 3561 quiequid]
446 3490 486 3544 sic
509 3488 559 3561 Lg.
580 3507 622 3561 pr.
641 3489 684 3544 32.
703 3489 759 3556 67.,
783 3492 848 3545 item
869 3489 921 3545 Gn.
941 3490 965 3544 1.
984 3507 1012 3544 v.
1031 3491 1067 3544 ed
1085 3490 1111 3558 8,
1129 3489 1173 3545 30.
1191 3517 1228 3531 —-
1260 3489 1311 3543 Di·

151 3607 154 3616 ·
266 3576 427 3629 stinctiones
444 3574 540 3628 sustuli
558 3582 620 3644 post
638 3577 731 3646 191155
748 3584 776 3629 et
793 3582 872 3641 5545,
890 3584 919 3628 ut
936 3576 964 3629 in
980 3592 1062 3629 unum
1077 3575 1240 3628 seutentiam
1254 3574 1312 3627 5ο1-

266 3659 384 3729 iiguntur
407 3658 553 3728 quidquid
570 3662 628 3713 5511
645 3676 818 3731 quacunque
837 3664 972 3724 en'arte,
995 3657 1145 3715 ὁποιονοῦν
1161 3653 1311 3725 ὀποιαςδή-

266 3761 335 3797 ποτε
352 3745 446 3811 τέχνης
465 3735 506 3796 65.
530 3739 572 3795 lte
589 3744 791 3799 emendavimus
808 3755 870 3817 pest
888 3743 976 3813 15,67.
996 3744 1086 3811 19,87.
1104 3742 1257 3809 11121176.
1274 3770 1311 3783 ·—

269 3826 303 3881 td
326 3832 443 3889 orator,
467 3826 510 3892 51]
535 3833 638 3881 orator
658 3832 688 3882 51
705 3829 739 3883 nl
762 3829 811 3901 Lg.
831 3831 857 3884 3.
875 3831 900 3885 5.
919 3829 944 3885 6.
964 3830 1004 3884 14.
1024 3829 1065 3884 15.
1085 3829 1124 3883 16.
1144 3827 1185 3883 20.
1205 3826 1247 3881 21.
1265 3826 1309 3882 23.

260 3910 311 3965 24.
328 3908 371 3963 35.
389 3908 432 3963 65.
451 3907 493 3964 67.
512 3909 553 3966 76.
571 3911 612 3966 73.
631 3911 674 3966 93.
700 3920 803 3968 orator
820 3914 854 3968 id
870 3919 899 3970 51
915 3918 932 3967 4
949 3930 1018 3969 corr.
1038 3915 1112 3969 nt3.
1133 3923 1174 3969 55.
1201 3911 1234 3966 tu
1253 3916 1311 3966 scit

270 3992 322 4048 Gu
345 3993 371 4047 3.
408 3999 563 4064 tamquam
585 3996 635 4068 ng.
657 3995 701 4053 65.
724 3998 766 4052 69.
793 3997 833 4052 79.
858 3999 899 4053 73.
923 3999 1019 4054 93.
1055 3999 1190 4066 causam]
1216 4012 1311 4049 55555

271 4076 323 4131 Gu.
338 4076 413 4132 l.-
377 4080 503 4149 -ipse
522 4078 582 4148 1115]
600 4082 640 4135 sie
657 4098 696 4151 pr.
713 4080 763 4134 ille
781 4086 845 4154 ipse
864 4081 915 4153 Lg.
934 4099 1029 4137 omnes
1046 4100 1087 4155 pr.
1105 4084 1131 4140 3.
1151 4082 1191 4140 17.
1210 4079 1253 4140 67.
1266 4080 1309 4139 76.

269 4159 328 4231 81,
348 4161 412 4217 item
429 4160 482 4223 Gu.
498 4163 578 4223 3·-
610 4167 673 4223 etus
690 4166 750 4235 ret]
770 4166 851 4226 411155
867 4170 914 4225 ret
930 4166 982 4239 Lg.
1000 4166 1041 4227 17.
