2942 4608
265 296 362 376 aaa
662 232 921 359 orcnuoons

265 459 447 538 defendunt,
473 460 624 524 rationem
646 470 712 523 non
730 458 860 536 habent,
887 462 915 524 si
938 478 1018 544 quac
1041 469 1113 524 sunt
1133 461 1167 523 in
1187 458 1237 524 his
1260 463 1310 535 ἱει-ι

264 578 390 645 vidiosa
415 596 478 642 non
503 578 646 660 mitigant
671 576 882 652 extenuando,
911 577 966 641 sed
994 575 1153 641 laudando
1180 586 1211 642 et
1233 576 1311 642 eile-

265 694 364 759 reudo
394 693 602 758 invidiosiora
631 691 768 758 iaciunt:
803 702 949 777 quantum
975 683 1024 757 est
1055 695 1088 757 in
1117 712 1155 759 eo
1183 680 1312 759 tandem

144 840 150 866 ι
197 869 204 877 ,
266 809 363 876 malit
401 808 504 889 Quint
531 811 559 874 si
581 811 614 873 in
635 808 778 874 homines
801 828 895 875 caros
916 809 1133 894 iudicibusque
1156 810 1309 876 iucundos
1366 827 1369 830 ’

266 930 335 996 sine
356 927 425 993 ulla
443 927 689 1012 praemunitione
711 928 863 992 orationis
886 926 1031 992 acerbius
1053 938 1084 992 et
1106 926 1311 1009 contumelio-

267 1046 334 1110 sius
356 1043 520 1109 invehere:
543 1062 646 1108 nonno
669 1052 734 1107 ate
756 1043 877 1108 iudices
894 1043 1078 1108 abalienesi
1111 1043 1183 1107 333.
1206 1041 1310 1122 Quidt
1416 1085 1420 1089 -

267 1163 311 1237 si,
338 1180 418 1246 quae
439 1161 518 1225 vitia
544 1168 596 1224 aut
617 1159 816 1225 incommoda
836 1170 907 1225 sunt
932 1162 966 1224 in
993 1158 1099 1246 aliquo
1121 1159 1224 1224 iudice
1246 1179 1310 1225 uno

268 1277 497 1364 cumpluribus,
520 1296 561 1342 ea
581 1285 614 1340 tu
637 1277 697 1355 [in]
720 1275 913 1342 adversariis
936 1276 1153 1362 exprobrando
1175 1278 1311 1345 nonin-
1368 1252 1372 1263 ’

206 1414 208 1417 ·
265 1395 401 1478 tellegas
431 1403 461 1458 te
494 1395 527 1457 in
553 1390 674 1457 iudices
706 1378 830 1458 inuehi}
864 1393 1021 1459 mediocre
1047 1403 1209 1479 peccatum
1237 1397 1311 1458 esti

268 1509 371 1590 Quos
398 1512 442 1587 si,
470 1528 622 1595 cumpro
650 1508 749 1575 altero
776 1511 881 1588 dicas,
907 1510 994 1575 litem
1019 1519 1104 1577 tuam
1125 1511 1228 1576 facias
1257 1520 1310 1576 aut

265 1628 375 1696 laesus
397 1625 529 1694 efferare
550 1618 736 1703 iracundia
752 1645 881 1692 causam
902 1626 1084 1719 relinquas:
1110 1625 1229 1692 nihilne
1250 1645 1309 1691 no-

268 1752 368 1813 ceas?
411 1743 447 1808 ln
468 1763 529 1829 quo
552 1729 627 1827 ego,
653 1762 717 1809 non
743 1763 804 1828 quo
825 1742 960 1809 libenter
980 1743 1063 1809 male
1086 1743 1224 1820 audiam,
1240 1742 1311 1825 *sed

268 1864 344 1948 quia
370 1878 499 1937 causam
528 1880 592 1939 non
623 1858 759 1925 libenter
782 1859 945 1945 relinquo,
977 1861 1104 1925 nimium
1130 1862 1252 1946 patiens
1281 1869 1312 1924 et

267 1978 370 2047 lentus
392 1978 568 2055 existimor3
595 1986 628 2041 ut
649 1995 718 2042 cum
738 1985 769 2041 te
791 1978 905 2062 ipsum,
929 1976 1065 2064 Sulpici,
1093 1950 1311 2061 obiurgabam,

354 2211 413 2266 304.
449 2207 624 2278 defenduat]
654 2208 813 2279 defendent
837 2209 887 2283 Lg.
912 2210 954 2267 36.
975 2238 1011 2253 ·-
1041 2214 1083 2275 sl,
1109 2211 1196 2281 puae]
1225 2213 1310 2280 ripeta

269 2297 318 2369 Lg.
334 2298 359 2350 4.
374 2296 398 2350 d.
416 2295 459 2349 35.
479 2304 510 2334 -·
531 2298 562 2346 in
580 2293 640 2362 his]
659 2312 711 2349 orn.
729 2294 779 2367 Lg.
794 2295 819 2350 3.
835 2299 859 2351 4.
887 2295 1094 2350 cantarana.
1115 2327 1146 2336 -
1166 2301 1310 2365 quandum

269 2383 325 2448 cst]
342 2380 426 2450 vulgo
444 2386 508 2448 post
521 2377 667 2431 Gruterum
685 2381 813 2434 omissum
830 2387 874 2433 ert
891 2382 1042 2434 restitutum
1058 2389 1100 2433 est
1117 2380 1181 2432 iude
1198 2396 1215 2431 a
1228 2378 1309 2445 Sch.;

268 2465 424 2532 habentque
445 2479 501 2515 uon
524 2464 612 2516 solum
629 2463 718 2518 Havu.
739 2465 761 2519 l.
780 2464 805 2519 3.
827 2463 884 2519 Erl.
904 2465 965 2521 edd.
984 2465 1137 2533 antiquiss,
1160 2464 1310 2518 sedetiam
1356 2496 1360 2501 -

267 2548 339 2603 Vict.
370 2547 422 2600 Gu.
447 2546 469 2601 1.
493 2548 518 2601 3.
548 2546 599 2618 bg.
622 2564 717 2602 omnes
740 2559 852 2618 praeter
874 2534 900 2602 4.
943 2548 973 2602 ln
1001 2548 1052 2604 Gn.
1078 2548 1104 2604 3.
1131 2549 1231 2619 legitur
1255 2553 1309 2612 cst,
1366 2538 1369 2545 ¹

267 2633 317 2686 sed
335 2632 466 2685 omittitur
483 2630 583 2684 delude
600 2636 639 2686 ia.
658 2663 692 2671 -
721 2637 750 2686 ri
766 2635 809 2700 ia]
829 2637 876 2687 ela
899 2633 950 2687 Gu.
970 2634 994 2686 3.
1014 2662 1050 2673 -
1073 2635 1311 2705 praemunitione

268 2716 426 2784 orationis]
450 2718 670 2786 promatatioae
692 2716 763 2771 Vict.
795 2723 925 2789 permut.
955 2716 1006 2772 Gn.
1026 2719 1051 2771 3.
1091 2721 1311 2789 permaalttoue

188 2798 192 2803 ’
268 2799 321 2854 Gu.
337 2798 362 2853 3.
394 2802 540 2853 orationis
561 2817 613 2853 om.
635 2799 686 2854 Gn.
707 2801 784 2853 1.-
808 2802 914 2868 nonne]
938 2818 998 2854 aon
1019 2801 1070 2872 Lg.
1092 2802 1131 2856 lo.
1151 2801 1194 2855 67.
1214 2801 1256 2854 ro.
1273 2828 1311 2842 —-

268 2900 288 2937 a
307 2884 346 2950 te]
363 2883 502 2953 vulgatum
521 2882 574 2935 aba
591 2889 619 2936 te
637 2885 745 2937 correxi
762 2885 910 2938 secondum
926 2885 976 2956 Lg.
992 2885 1017 2939 3.
1032 2887 1057 2939 4.
1074 2885 1114 2940 13.
1128 2885 1164 2938 33
1176 2901 1247 2938 corr.
1264 2883 1309 2938 36.

268 2966 321 3020 Gn.
340 2967 420 3019 3.-
445 2966 605 3035 abalienes]
625 2967 808 3038 aballeaadis
831 2967 880 3040 Lg.
900 2969 925 3023 3.
945 2986 978 3023 eo
996 2969 1114 3024 fortasse
1133 2978 1238 3040 mactat
1257 2967 1310 3022 ab·

268 3049 414 3104 alienatos
431 3051 459 3103 ln
477 3052 528 3105 Gn.
546 3051 571 3105 3.

267 3155 272 3163 ⁴
353 3167 413 3222 305.
449 3173 491 3232 ai,
515 3169 602 3239 quae]
626 3186 678 3221 our.
702 3166 753 3240 Lg.
770 3167 813 3224 65.
839 3165 887 3240 ὑφ’
908 3171 939 3225 ἓν
962 3171 1027 3225 1)οηί
1051 3174 1131 3227 codd.
1151 3171 1203 3242 Lg
1222 3160 1247 3225 4.
1266 3169 1308 3225 13.

267 3250 302 3304 33
320 3269 390 3305 corr.
408 3250 451 3305 36.
470 3251 515 3324 (hi
532 3254 639 3321 siqua).
657 3279 695 3293 —-
724 3255 927 3323 incommoda]
945 3248 1070 3330 incoram.
1089 3257 1140 3328 Lg.
1158 3256 1201 3339 33.
1219 3286 1254 3295 -
1277 3258 1310 3309 ia

225 3381 229 3390 .
268 3334 463 3407 adversariis]
488 3340 519 3390 la
543 3355 560 3389 a
575 3335 709 3389 laambino
733 3339 875 3403 omissum,
899 3338 1046 3393 delendum
1069 3341 1157 3394 visum
1180 3339 1310 3407 Ernesto,

268 3436 328 3471 cum
349 3438 404 3472 uon
422 3420 528 3474 dicutur
551 3420 733 3492 exprobrare
758 3420 873 3490 aliquid
897 3426 929 3476 ira
953 3423 1068 3492 aliquo,
1098 3425 1202 3477 uncinis
1225 3422 1309 3476 clausi

268 3518 329 3554 cum
341 3495 490 3557 Or.'llcnr.
519 3503 653 3557 contorta
669 3505 741 3557 enlm
758 3513 785 3558 et
802 3505 914 3575 spinosa
930 3507 1001 3560 ratio
1015 3507 1096 3572 foret,
1114 3507 1209 3575 siquis
1223 3505 1311 3559 verba

267 3587 307 3639 ita
323 3587 451 3640 suaderet
469 3587 635 3640 ordinanda:
657 3591 690 3641 c'a
707 3588 912 3660 exprobrando
936 3606 973 3642 ea
990 3591 1181 3645 adversariis.
1202 3621 1233 3631 -
1263 3594 1310 3671 §u-

269 3668 402 3739 trllepas]
424 3671 521 3740 scripsi
544 3689 578 3723 en
602 3670 653 3741 Lg.
671 3672 711 3727 13.
733 3672 774 3727 36.
797 3673 838 3726 70.
857 3703 893 3715 -
923 3677 964 3736 ri,
989 3677 1068 3742 cam]
1091 3679 1220 3729 sienim
1243 3689 1310 3727 cum

268 3750 320 3821 ng.
337 3751 362 3805 3.
382 3754 407 3807 4.
442 3757 472 3806 ei
494 3772 561 3808 oum
585 3754 623 3808 13.
648 3756 691 3810 36.
718 3742 795 3810 xcam
817 3774 869 3810 om.
891 3756 930 3810 17.
952 3787 988 3797 -
1002 3758 1154 3826 preater]
1179 3759 1310 3813 lubenter

268 3834 319 3904 [ις.
332 3835 373 3889 84.
392 3851 421 3889 v.
435 3837 470 3889 ud
482 3837 514 3892 ll.
529 3839 572 3903 73,
584 3837 642 3892 395.
661 3867 696 3880 υ-
713 3840 767 3893 aad
783 3843 854 3909 prtia
872 3844 1005 3910 causam]
1022 3844 1149 3914 vulgatur
1167 3843 1220 3896 sed
1238 3846 1309 3912 prtia

269 3934 321 3986 epo
340 3934 462 3971 carosam
485 3922 573 3973 inutili
590 3924 751 3989 promomine
775 3931 802 3975 et
821 3923 895 3976 hiatu
914 3943 969 3978 nou
988 3927 1118 3990 lerend03
1145 3926 1238 3980 delent
1255 3942 1309 3996 epo

268 3998 365 4067 Steph.
381 4000 477 4055 Lamb.
497 4003 560 4056 Sch.
577 4002 675 4056 Muell.
690 4004 785 4069 liena,
803 4015 832 4058 et
848 4023 957 4075 sequor,
974 4010 1038 4078 qula
1055 4027 1110 4063 uon
1125 4011 1201 4063 solus
1219 4009 1271 4062 Gu.
1281 4008 1308 4063 3.

270 4080 314 4147 (Α.
332 4081 542 4151 Henrichseul)‚
563 4085 613 4138 se'd
635 4086 716 4143 etiam
738 4086 788 4159 [ις.
807 4086 833 4145 3.
854 4090 880 4146 3.
900 4092 925 4147 4.
943 4091 969 4146 d.
994 4093 1035 4147 13.
1052 4093 1095 4149 34.
1120 4094 1163 4150 33.
1180 4093 1223 4151 36.
1247 4110 1309 4148 sua·
