2942 4608
375 338 434 405 nn
463 335 690 406 currens
716 336 841 405 aman
861 336 913 405 nr.
935 339 987 405 21.
1103 340 1195 435 nen

72 536 81 545 ³
151 518 203 576 tor
222 510 322 596 possit
344 508 480 597 disputo)
504 517 595 593 atque
613 500 677 574 lroc
699 509 828 586 omnis,¹
843 509 895 594 qni
923 507 999 573 artis
1019 506 1199 573 rhetoricas
1244 575 1246 579 .

37 601 40 607 ²
137 636 320 713 *exponunt
347 624 564 712 perridiculos.
609 622 757 690 Scribunt
783 626 866 691 enim
892 625 931 691 de
952 624 1052 690 litium
1078 642 1195 709 genere

152 743 243 808 etde
265 744 425 829 principiis
452 752 484 808 et
511 742 549 809 de
571 742 814 830 narrationibus.
858 743 909 808 76.
935 740 997 807 Illa
1016 744 1065 808 vis
1093 751 1195 808 autem

152 860 349 945 eloquentiae
375 869 464 924 tanta
486 869 547 937 est,
573 868 607 924 ut
628 861 764 937 omniurn
785 862 1052 942 rerumpirtutum
1074 857 1194 927 oficio·

111 1028 113 1032 .
151 997 219 1042 rum
240 979 402 1062 omnisque
423 986 568 1054 naturae,
595 997 676 1062 quae
698 997 803 1043 mores
824 976 995 1054 hominurn,
1024 996 1104 1061 quae
1119 978 1195 1042 'ani-

151 1113 234 1171 mos‚
266 1095 471 1179 quaesitam
497 1095 648 1172 continet,
677 1076 919 1182 prigiqernvim
942 1095 1193 1180 mutationesque

150 1219 272 1288 teneat3
299 1209 411 1275 eadem
437 1228 540 1275 mores
561 1210 651 1295 leges
678 1214 749 1277 iura
770 1210 929 1277 describat
949 1231 1016 1276 rem
1036 1211 1194 1297 publicam

151 1337 243 1411 regat
264 1328 378 1403 omnia,
401 1346 481 1411 quac
504 1327 544 1392 ad
563 1334 775 1414 quamcunque
793 1349 861 1393 rem
881 1329 1064 1415 pertineant,
1086 1337 1194 1393 ornate

152 1446 342 1530 copioseque
365 1444 458 1508 dicat.
501 1444 551 1509 77.
579 1442 616 1508 In
637 1464 698 1530 quo
720 1461 837 1529 genere
858 1465 917 1511 nos
941 1445 1064 1530 quidem
1084 1463 1195 1511 versa-

46 1631 50 1638 ·
150 1580 220 1625 mur
233 1570 360 1638 tantun,
377 1570 523 1646 quantum
537 1579 713 1647 possumus,
735 1572 880 1646 quantum
893 1564 1030 1648 ingenio,
1049 1571 1195 1648 quantum

52 1752 57 1760 1
150 1677 302 1742 mediocri
329 1678 487 1755 doctrina,
514 1649 664 1763 quantum
686 1697 746 1742 usu
769 1678 931 1757 valemus3
964 1699 1064 1764 neque
1091 1689 1195 1744 tamen

152 1795 223 1857 istis
241 1795 294 1879 qui
313 1795 346 1858 in
361 1814 425 1859 una
440 1794 640 1882 philosophia
661 1785 752 1891 quasi
768 1795 1003 1861 tabernaculum
1016 1798 1100 1861 vitae
1117 1816 1195 1861 suae

154 1909 361 2005 colloquiunt,
384 1911 510 1976 multum
532 1931 609 1977 sane
632 1914 664 1977 in
686 1913 894 1998 disputatione
916 1911 1126 1978 concedimus.

143 2084 146 2087 .
235 2025 324 2092 XXI.
363 2027 413 2094 78.
448 2026 534 2121 „Quid
566 2031 649 2094 enim
680 2030 767 2095 meus
794 2029 962 2095 familiaris
990 2028 1024 2094 C.
1053 2028 1194 2096 Velleius

152 2143 263 2209 afferre
279 2154 390 2235 potest,
413 2165 506 2231 quam
527 2144 652 2213 obrem
673 2147 817 2234 voluptas
840 2149 881 2211 sit
902 2167 1052 2212 summurn
1067 2146 1207 2226 bonum.

151 2262 233 2346 quod
259 2281 319 2344 ego
345 2281 410 2326 non
431 2264 589 2347 copiosius
611 2267 729 2348 possim
751 2263 802 2328 vel
821 2267 929 2341 tutari,
957 2266 986 2328 si
1005 2264 1115 2341 velim,
1142 2263 1194 2329 vel

151 2376 298 2440 refellere
325 2353 365 2439 ex
390 2375 455 2440 illis
476 2376 572 2454 locis,
597 2397 680 2462 quos
704 2381 846 2464 exposuit
866 2378 1036 2455 Antonius,
1063 2376 1123 2443 hac
1146 2378 1193 2443 di-

137 2490 244 2556 'cendi
259 2492 492 2569 exercitatione,
515 2494 547 2556 in
563 2511 624 2577 qua
637 2490 778 2558 Velleius
801 2502 850 2558 est
863 2494 961 2570 rudis,
982 2497 1194 2580 unusquisque

107 2624 113 2632 ·
150 2617 290 2710 nostrum
316 2612 482 2674 versatus?
527 2605 609 2686 Quid
635 2618 697 2686 est,
729 2609 812 2694 quod
844 2619 897 2675 aut
927 2607 1001 2677 Sex.
1028 2609 1193 2697 Pompeius

149 2809 248 2891 Maeli.
268 2819 317 2878 Or.
352 2822 483 2877 Restituit
499 2824 616 2877 omnium
636 2823 714 2878 codd.
734 2832 761 2878 et
780 2825 917 2895 vulgatam
936 2823 1084 2879 editionem
1100 2827 1194 2882 lectio-
1307 2859 1309 2867 ι

139 2923 213 2960 nem
231 2906 314 2960 Henr.
340 2907 374 2960 V.
393 2907 597 2976 explicationes.
621 2937 657 2949 —-
687 2913 802 2972 omnia,
827 2926 903 2978 puae
926 2910 968 2962 acl
990 2927 1193 2984 quamcunque
1218 2912 1221 2915 ’

149 3007 213 3044 rem
224 2992 416 3061 pertincant]
442 2992 546 3045 restitui
563 2992 644 3046 codd.
663 2993 722 3049 iere
741 2994 858 3046 omnium
877 3001 905 3046 et
922 2994 1113 3064 plerarumque
1129 3004 1193 3053 ante

150 3074 297 3127 Gruterum
327 3074 475 3128 editionum
503 3076 673 3146 scripturam.
719 3077 769 3130 llle
799 3079 920 3130 correxit
951 3082 1119 3148 omniaque,
1135 3081 1194 3134 ‘ad

149 3175 265 3228 quomo.
284 3177 309 3210 r.
324 3175 372 3229 pa,
393 3159 435 3210 cni
453 3161 617 3216 correctioni
633 3160 728 3215 favent
746 3159 797 3231 Lg.
817 3161 857 3214 15.
876 3157 921 3223 26ι
937 3162 979 3216 21.
998 3162 1039 3220 76,
1051 3150 1099 3220 63,
1136 3166 1192 3219 Sed

147 3243 231 3313 longe
254 3242 416 3312 exquisitior
439 3251 481 3296 est
504 3244 616 3314 antiqua
638 3246 735 3311 lectio,
765 3263 819 3314 qua
842 3245 898 3298 duo
925 3246 952 3298 in
977 3263 1031 3298 una
1057 3251 1193 3302 sententio

148 3327 265 3380 relativa
282 3327 458 3397 colligantur:
477 3328 543 3382 vide
562 3345 633 3396 qnae
651 3329 723 3383 dicta
742 3329 858 3382 suntad
877 3328 898 3381 1.
915 3328 957 3396 ln,
973 3328 1015 3384 51.
1034 3357 1069 3370 ›-
1088 3348 1191 3401 qaam-

150 3417 204 3479 pue
221 3409 271 3480 ng.
292 3410 332 3465 lt.
350 3410 445 3466 bamb.

236 3527 276 3580 77.
314 3529 722 3601 iapen101iapcainmltg.3‚
742 3527 967 3584 5.2dcorr.32.
995 3547 1023 3584 v,
1042 3530 1077 3584 ad
1095 3531 1127 3587 ll.
1146 3522 1190 3600 17,

151 3609 261 3666 114-
286 3613 427 3680 nummus]
445 3615 596 3667 caleamus
616 3613 667 3685 Lg.
686 3612 712 3669 6.
730 3614 773 3669 (tt.
791 3641 826 3652 ——
855 3629 947 3688 acque
965 3617 1076 3684 tamea]
1100 3633 1191 3687 oeque

149 3697 229 3747 enim
245 3693 294 3765 [ις.
312 3697 330 3750 6
346 3714 418 3752 corr.
456 3705 545 3768 atqcue
564 3698 598 3751 m
616 3715 688 3755 corr.
1030 3703 1036 3716 “

234 3810 305 3865 xxr.
342 3813 383 3867 rs.
422 3813 451 3868 c.
480 3814 616 3882 verteras]
646 3813 748 3868 cattos
776 3812 902 3873 reuera
925 3812 974 3887 ng.
995 3815 1020 3871 a.
1045 3818 1070 3872 a.
1096 3819 1121 3874 a
1149 3796 1189 3875 rr.

50 3942 55 3950 .
150 3895 189 3951 15.
211 3895 250 3951 17.
277 3896 318 3952 20.
342 3897 383 3953 21.
407 3897 449 3954 23.
474 3900 516 3953 m.
537 3901 582 3956 35.
606 3900 648 3955 65.
673 3900 715 3955 67.
734 3899 775 3955 69.
796 3899 837 3956 76.
861 3899 903 3954 81.
924 3899 967 3956 Sl.
984 3901 1027 3956 86.
1048 3902 1090 3958 93.
1117 3904 1188 3959 Vict.

148 3981 200 4035 Gn.
214 3980 236 4035 l.
251 3975 276 4034 2.
294 3999 346 4036 om.
366 4000 535 4053 praenomen
551 3984 593 4059 32.
605 4013 641 4026 ——
657 3985 754 4052 radis]
772 3985 951 4039 medisstmas
965 3985 1016 4057 Lg.
1032 3985 1063 4039 17
1076 4004 1190 4040 corr.-
1263 4000 1267 4003 ·

146 4067 291 4134 nostram]
316 4074 446 4134 oestrum
470 4067 518 4138 Lg.
543 4069 584 4122 lu.
611 4068 650 4136 15.
667 4096 704 4110 ·-
739 4067 889 4140 Vipelltas]
922 4069 1072 4140 Vipillet'as
1095 4068 1144 4137 hg.
1163 4068 1189 4123 3.

147 4150 317 4220 capaliana
347 4152 475 4224 aripaldus·
487 4152 530 4208 81.
571 4151 707 4208 Visellius
725 4154 787 4208 edd
804 4154 875 4208 Vict.
893 4150 983 4219 Man,
1001 4150 1116 4203 eundern
1132 4151 1191 4218 sitne

934 4251 974 4313 31
