2942 4608
401 327 461 397 DE
488 322 718 397 ORATORE
745 323 871 393 llault
891 323 943 401 Ill.
965 323 996 392 4.
1122 324 1220 401 m

174 506 243 572 rita
264 511 313 571 est
337 507 369 568 et
388 517 492 585 poena
512 497 695 563 temeritatis
710 508 786 562 'noa
812 495 881 560 sine
908 510 1023 578 magno
1049 492 1098 557 rei
1117 490 1222 579 publi·

176 638 235 689 cae
258 618 341 685 mmo
359 617 534 683 constituta.
569 614 620 680 13.
642 611 712 699 Ego
733 631 810 680 vero
830 621 872 690 te,
894 608 1023 689 Crasse,
1044 629 1115 677 cum
1134 610 1219 677 vitae

113 759 115 763 ·
175 739 253 806 dore
282 746 346 803 tum
371 735 480 800 mortis
510 733 738 820 opportunitate
764 730 869 797 divino
897 727 1032 799 consilio
1063 737 1095 794 et
1120 736 1220 794 ortum

174 866 208 922 et
234 856 418 922 exstinctum
442 868 518 917 esse
549 849 694 919 arbitror.
747 827 843 916 Nam
858 847 917 914 tibi
948 856 1001 912 aut
1026 866 1082 933 pro
1107 835 1219 913 uiue

177 974 274 1062 ammi
299 970 538 1054 constantiaque
563 976 618 1035 tua
643 966 747 1035 civilis
773 967 850 1035 ferri
878 963 1041 1033 subeunda
1066 963 1124 1029 fuit
1150 982 1221 1029 cra·

176 1089 292 1156 delites
315 1095 383 1163 aut,
406 1087 435 1150 si
458 1102 521 1171 qua
540 1093 572 1153 te
592 1084 718 1153 iomuna
739 1083 781 1151 ab
803 1085 966 1153 atrocitate
987 1083 1096 1148 mortis
1117 1079 1220 1149 vindi·

176 1215 299 1283 cassei,
325 1202 437 1269 eadem
458 1221 532 1269 esse
557 1210 589 1269 te
610 1202 753 1273 funerum
773 1204 896 1290 patriae
916 1209 1125 1289 spectatorem
1145 1207 1220 1267 eot-

177 1325 299 1409 gisset3
334 1339 435 1405 neque
467 1318 570 1387 solam
602 1318 661 1389 tibi
690 1319 901 1407 improborum
933 1319 1139 1412 dominatus.
1163 1314 1221 1383 sed

178 1441 274 1508 etiam
293 1446 420 1526 propter
437 1436 615 1525 ⁹admixtam
629 1438 744 1505 sirium
762 1439 895 1507 caedem
914 1436 1068 1505 bonorum
1087 1434 1223 1503 viceris

178 1559 317 1625 maerori
338 1555 474 1622 ferisset.

86 1652 90 1667 ¹
263 1671 315 1739 lV.
344 1672 395 1737 13.
417 1668 500 1739 Mihi
521 1668 654 1757 quidem,
675 1668 791 1761 ,Quinte
811 1670 919 1749 irater,
940 1679 1096 1739 eteorum
1117 1684 1223 1743 cesus,

180 1793 219 1858 de
242 1789 353 1877 quibus
376 1798 447 1856 ante
470 1786 544 1867 dixi,
566 1795 598 1853 et
619 1791 669 1866 ea
691 1807 773 1874 quae
794 1789 998 1875 nosmetipsi
1019 1786 1060 1854 ob
1083 1803 1221 1853 amorem

124 1980 127 1986 .
179 1911 214 1975 in
238 1906 488 1995 rempublicam
514 1904 732 1971 incredibilem
763 1915 794 1972 et
823 1905 1017 1990 singularem
1041 1902 1223 1991 pertulimus

89 2060 93 2065 ·
122 2039 125 2049 ·
178 2002 436 2109 [assensimusL
464 2024 615 2108 cogitanti
641 2025 797 2091 sententia
818 2042 914 2110 saepe
934 2033 990 2089 tua
1009 2042 1091 2089 vera
1108 2041 1147 2089 ac
1169 2040 1222 2089 sa-

177 2147 268 2233 piens
281 2144 382 2210 rideri
399 2140 490 2219 solet,
512 2142 566 2227 qui
579 2150 705 2229 propter
722 2151 767 2208 tot
779 2151 884 2211 tantos
899 2152 963 2208 tam
980 2142 1222 2229 praecipitisque

178 2281 275 2330 casus
302 2260 549 2327 clarissimorum
573 2257 732 2346 hominum
758 2268 850 2346 atque
877 2256 1071 2345 optimorum
1084 2261 1223 2325 virorum

179 2398 230 2445 me
240 2370 370 2463 ‘semper
391 2374 432 2439 ab
453 2375 538 2440 omni
556 2376 752 2440 contentione
775 2394 814 2442 ac
836 2375 1036 2442 dimicatione
1057 2374 1224 2443 revocasti,

181 2492 234 2560 14.
262 2490 329 2557 Sed
350 2491 498 2575 quoniam
517 2464 598 2556 haec
623 2490 687 2554 iam
707 2508 809 2575 neque
835 2491 869 2554 iu
889 2490 1130 2575 integronohis
1151 2509 1225 2556 esse

181 2670 235 2764 cu.
253 2709 279 2763 a.
296 2737 331 2748 -
355 2664 530 2777 eminete]
548 2710 595 2760 est
612 2705 675 2763 aaa
693 2686 805 2776 ipso
824 2703 866 2760 ar.
882 2705 928 2761 st.
946 2688 982 2747 -“
1006 2698 1224 2779 efflorentem]

179 2795 350 2868 florescertii
367 2790 447 2847 codd.
465 2808 575 2858 omnes,
594 2798 707 2861 praeter
725 2789 777 2847 Gn.
795 2790 838 2857 3.,
856 2791 886 2846 ia
904 2808 960 2861 quo
975 2782 1106 2865 floreitii.
1142 2790 1226 2851 Quod

123 2918 128 2923 -
181 2895 254 2934 nnnc
270 2885 412 2947 receptum
428 2885 483 2942 est,
500 2875 619 2930 Ernesto
637 2875 761 2931 debetur.
1179 2880 1181 2887 ’

181 3006 185 3013 ·
272 2994 312 3049 13.
348 2991 557 3063 uero—rtem]
574 2992 644 3048 haec
663 2993 779 3066 om.'Lg.
790 2992 833 3050 36.
858 3010 916 3061 nost
933 3010 985 3065 pro
1002 3011 1069 3049 uero
1083 2994 1139 3052 Gn.
1150 2995 1175 3052 3.
1188 3024 1224 3039 -·

182 3077 332 3135 subeuntia
345 3076 427 3148 fuit]
449 3078 503 3133 inv.
522 3076 573 3149 Lg.
591 3077 633 3133 35.
652 3078 747 3133 93-
775 3078 959 3150 admixtam]
977 3079 1016 3134 sic
1031 3079 1083 3153 Lg.
1101 3082 1225 3152 plerique

181 3174 210 3220 et
228 3162 297 3230 (ἕως
317 3163 482 3217 admistam
499 3161 577 3217 Man.
594 3161 690 3218 Lamb.
709 3161 787 3218 Grut.
807 3163 895 3219 Gran.
911 3173 940 3219 et
956 3165 1065 3234 quidam
1084 3166 1163 3222 codd.

76 3338 79 3347 ,
226 3244 239 3259 ⁸
266 3280 314 3337 lV.
351 3279 392 3336 13.
426 3296 493 3333 rem
518 3278 683 3352 pubiicum]
707 3280 863 3353 pubiicum
891 3299 944 3335 om.
970 3281 1028 3335 (ln.¹
1042 3282 1068 3339 3.
1091 3308 1127 3324 ·-
1151 3300 1224 3355 per·

182 3365 318 3437 iniimus]
337 3363 517 3431 16111133,
531 3364 588 3419 144.
607 3392 643 3407 —
661 3364 774 3436 iactes]
792 3372 949 3436 tantosque
965 3365 1016 3438 bg.
1029 3366 1055 3422 6.
1073 3365 1116 3441 34.
1135 3366 1178 3424 93.
1190 3395 1225 3411 —-

182 3458 247 3506 iam
260 3448 507 3523 praecipitisque]
530 3450 570 3503 sic
590 3447 641 3521 Iup
659 3448 685 3505 2.
703 3449 729 3508 6.
755 3449 795 3506 13.
816 3450 856 3505 15.
875 3450 917 3505 31.
936 3450 977 3505 33.
999 3451 1042 3508 33.
1060 3453 1102 3508 36.
1119 3453 1162 3510 36.
1181 3455 1224 3511 66.

78 3542 88 3559 ’
181 3536 224 3592 67.
243 3534 286 3590 69.
306 3535 347 3590 76.
366 3533 407 3588 73.
425 3534 468 3588 61.
486 3533 528 3588 86.
549 3533 600 3590 Gu.
616 3533 639 3589 l.
659 3535 685 3589 3.
720 3541 785 3589 iam
802 3536 884 3591 etiem
901 3537 1002 3592 dcorr.
1021 3536 1061 3590 17.
1079 3537 1121 3594 34.
1139 3541 1224 3614 vulgo

181 3628 302 3699 iamque
313 3622 514 3692 praecipites,
532 3619 624 3690 positu
641 3618 793 3688 particulae
811 3620 899 3675 minus
916 3618 1112 3688 Ciceronian03
1133 3641 1158 3680 v.
1178 3641 1223 3679 ex·

100 3724 103 3729 ·
181 3703 344 3776 plicationes
361 3703 397 3757 ad
414 3703 435 3758 l.
457 3703 487 3770 l,
507 3702 529 3760 l.
566 3701 694 3761 Ceterum
705 3707 958 3776 praecipitisque,
974 3723 1031 3761 non
1047 3702 1140 3778 per'e‚
1157 3708 1224 3781 xlv

182 3785 366 3857 Lgsbonique
379 3796 490 3857 praeter
500 3788 542 3845 33.
560 3804 664 3856 omnes,
682 3796 711 3845 et
727 3786 778 3844 Gu.
794 3788 855 3846 13.
873 3788 944 3846 Vict.
963 3796 1125 3865 percipitis
1141 3796 1166 3851 3.
1179 3797 1222 3854 30.

179 3872 388 3945 precipuispue
406 3868 446 3924 17.

271 3989 311 4045 14.
347 3986 433 4058 baec]
461 4005 514 4043 om.
537 3987 589 4045 Gn.
608 3990 634 4045 3.
655 4018 685 4030 -—
717 3993 749 4044 ia
772 3992 901 4064 iaiepro]
926 3997 1043 4066 intepre
1065 3994 1116 4067 Lg.
1134 3998 1159 4051 3.
1178 3996 1246 4051 84.-

182 4074 260 4131 (lent.
279 4073 375 4130 Mead
394 4089 447 4144 mg.
470 4071 547 4127 Harl.
564 4073 590 4128 2.
614 4073 667 4131 Gn.
685 4075 707 4130 1.
733 4075 803 4131 Ven.
827 4075 901 4143 hott.
924 4078 1020 4135 Lamo.
1043 4077 1142 4134 Pearc.
1178 4081 1224 4133 ia·
1291 4081 1294 4086 '
1328 4102 1330 4107 ¹

184 4165 266 4232 tepeo
284 4158 334 4218 Gn.
347 4158 373 4216 2.
391 4156 521 4239 Herm-2.
539 4155 597 4217 Eri
623 4159 682 4216 Sed
693 4168 723 4216 ut
734 4159 770 4215 ab
781 4159 854 4217 Aldo
865 4160 930 4217 inde
943 4161 1079 4231 sumaim,
1095 4160 1185 4219 Hcvn.
1199 4164 1222 4220 l.
