2980 4602
266 334 360 405 loo
657 268 913 394 Crannonis

151 578 156 588 1
267 499 469 566 formularum
489 517 603 586 auceps
619 495 827 581 syllabarum
848 495 906 561 sed
922 496 996 583 quia
1017 515 1112 582 saepe
1127 497 1223 562 utitur
1238 516 1309 565 ora-

266 628 316 684 tor
338 616 479 682 subsidio
500 618 578 682 iuris
600 617 770 691 insaucia,
791 614 910 680 idcirco
932 616 1024 678 istam
1046 615 1124 680 iuris
1147 617 1311 682 scientiam

268 736 465 822 eloquentiae
487 744 634 819 tanquam
651 730 833 798 ancillulam
848 732 1112 819 pedisequamque
1131 733 1310 799 adiunxisti.

352 850 431 916 LVI.
474 852 546 915 237.
586 849 677 930 Quod
707 870 783 916 vero
821 850 1040 935 impudentiam
1073 850 1244 915 admiratus
1276 870 1312 915 es

268 990 376 1038 corum
395 956 609 1055 patronorum,
632 970 685 1053 qui
707 977 768 1043 aut,
791 987 859 1032 cum
881 985 980 1052 parva
1000 969 1173 1045 nescirent,
1195 986 1312 1051 magna

267 1087 482 1177 profiterentur
508 1095 560 1150 aut
586 1104 639 1162 ea,
667 1104 747 1170 quae
774 1086 910 1149 maxima
937 1093 1043 1148 essent
1070 1085 1103 1147 in
1124 1086 1192 1149 iure
1215 1084 1310 1161 ciuili,

268 1214 404 1272 tractare
428 1201 578 1268 auderent
602 1204 636 1267 in
658 1203 778 1277 causis,
806 1216 937 1266 cumea
961 1203 1119 1266 nescirent
1139 1220 1311 1286 nunquam·
1423 1279 1428 1286 Ι

270 1342 329 1411 que
362 1320 567 1386 didicissent:
608 1320 766 1403 utriusque
803 1320 851 1382 rei
887 1317 993 1384 facilis
1025 1327 1073 1382 est
1109 1328 1139 1382 et
1170 1310 1312 1404 prompta

270 1439 423 1504 defensio.
467 1433 547 1500 Nam
577 1455 677 1521 neque
711 1434 789 1500 illud
821 1445 868 1501 est
898 1435 1084 1512 mirandum,
1116 1437 1168 1520 qui
1198 1433 1312 1519 quibus

269 1553 375 1622 verbis
398 1554 548 1638 co‘e'mptio
570 1552 623 1618 fiat
644 1554 781 1629 nesciat,
804 1552 936 1617 eundem
958 1555 1026 1618 eius
1047 1551 1201 1628 molieris,
1229 1570 1311 1638 quae

270 1672 495 1756 coemptionem
520 1669 645 1748 iecerit,
678 1689 808 1735 causam
833 1690 927 1756 posse
956 1669 1145 1747 defendam
1176 1688 1249 1747 nec,
1283 1669 1314 1734 si

269 1791 358 1876 parvi
378 1788 486 1871 navigi
508 1796 539 1851 et
559 1789 666 1871 magni
687 1788 797 1853 eadem
820 1796 868 1852 est
889 1789 923 1851 in
943 1786 1147 1871 gubernando
1170 1789 1311 1863 scientia,

270 1906 389 1971 idcirco
416 1905 470 1989 qui
496 1902 608 1987 quibus
633 1903 739 1969 verbis
766 1914 883 1970 erctum
910 1905 988 1970 cieri
1015 1913 1156 1989 oporteat
1182 1906 1311 1979 nesciat,

270 2021 353 2087 idem
393 2020 597 2085 erciscundae
634 2019 774 2087 familiae
810 2041 939 2088 oausam
978 2041 1074 2106 agere
1112 2042 1176 2087 non
1204 2021 1312 2107 possit.

272 2241 315 2293 ita
329 2254 399 2291 corr.
415 2236 457 2291 35.
477 2265 513 2275 -
530 2238 649 2309 concepto]
669 2254 776 2310 anceps
794 2237 843 2310 Lg.
859 2239 898 2293 17.
916 2238 959 2292 65.
976 2238 1008 2292 81
1024 2255 1094 2292 corr.
1111 2237 1154 2293 84.
1176 2237 1267 2293 (75.1.
1279 2265 1315 2279 -

271 2323 376 2390 utitur]
401 2327 504 2374 utatur
523 2320 638 2376 Bokius.
674 2321 740 2376 Non
761 2340 830 2393 opus
853 2342 888 2378 ex
906 2323 994 2377 Crassi
1017 2324 1151 2376 sententia
1172 2323 1241 2376 haec
1261 2322 1314 2375 diei

273 2409 403 2479 cogitare.
421 2435 456 2446 -
482 2406 606 2474 idcirco]
625 2410 732 2461 iccirco
751 2407 800 2479 ng.
813 2407 902 2475 vult,
919 2409 946 2461 io
963 2407 1005 2461 his
1024 2409 1064 2462 15.
1082 2407 1125 2462 69.
1144 2408 1186 2461 76.
1206 2407 1314 2461 divisim

272 2493 315 2547 70.
331 2492 375 2545 84.
390 2490 432 2546 93.
447 2519 484 2531 ——
501 2489 761 2563 pedisequamque]
780 2492 851 2546 hanc
868 2493 1013 2547 rectiorem
1032 2509 1081 2562 per
1100 2510 1114 2545 a
1131 2510 1212 2545 unum
1230 2493 1315 2560 scrip·

61 2646 64 2653 ¹
151 2584 156 2589 '
272 2584 360 2631 'turam
377 2575 454 2644 (vide
472 2574 634 2629 Schneideri
653 2575 699 2630 Gr.
712 2575 773 2631 Lot.
787 2576 820 2631 11.
833 2577 858 2632 1.
873 2596 900 2648 p.
915 2578 978 2644 446)
998 2577 1050 2630 soli
1067 2594 1187 2630 meorum
1204 2585 1315 2630 tuentur

271 2661 297 2718 6.
315 2661 359 2715 67.
392 2660 618 2732 pedtsccamque
635 2659 666 2713 81
680 2679 751 2716 corr.
769 2679 795 2716 u.
809 2668 827 2716 t.
859 2662 1105 2734 pediosccamque
1122 2661 1192 2715 Vict.
1223 2660 1315 2731 pedi·
1399 2696 1403 2701 -

271 2744 449 2814 accitumque
467 2743 519 2798 Gu.
539 2744 562 2800 1.

357 2834 427 2914 [Vi.
463 2859 521 2915 137.
559 2863 656 2931 qood]
676 2867 727 2933 qui
742 2864 811 2918 Vict.
848 2865 921 2934 quid
937 2863 1026 2917 (15.1.
1044 2860 1316 2935 ——profiterenturl

267 2945 449 3020 profitentur
466 2943 514 3014 bg.
530 2944 571 3000 69.
585 2974 620 2988 —-
643 2955 697 3001 act
714 2950 761 3016 ea]
779 2955 808 3002 ct
828 2966 863 3002 ea
881 2949 932 3003 Gn.
952 2949 1022 3003 1.-
1039 2949 1256 3017 nunquamque]
1275 2948 1316 3001 sic

179 3090 187 3095 ,
272 3031 322 3101 Lg.
338 3031 378 3084 14.
396 3028 436 3083 15.
453 3027 552 3084 11.13.
572 3029 613 3085 14.
629 3030 671 3086 84.
689 3032 745 3087 191.
773 3050 923 3103 nunquam
938 3033 982 3087 65.
997 3032 1038 3086 76.
1064 3031 1151 3085 Pauci
1168 3041 1316 3102 praeterea

272 3114 412 3168 mendose.
428 3143 458 3153 -
475 3111 580 3179 facilis
597 3122 642 3168 est
658 3122 687 3169 ct
700 3119 854 3189 promptu]
874 3125 903 3171 et
914 3134 963 3190 pr.
984 3124 1029 3171 est
1049 3125 1078 3171 et
1092 3116 1197 3186 facilis
1213 3116 1262 3188 ng.
1272 3116 1318 3171 67.

269 3204 416 3274 prompta
440 3213 532 3250 omnes
556 3200 709 3268 praeteri.
728 3201 753 3256 5.
776 3233 810 3242 -
841 3205 916 3273 qui}
928 3203 1001 3273 quid
1020 3202 1070 3274 Lg.
1092 3202 1131 3256 17.
1151 3201 1192 3257 16.
1212 3202 1252 3257 11.
1272 3201 1314 3255 14.

272 3284 307 3338 35
324 3300 395 3338 corr.
417 3281 460 3337 65.
478 3309 514 3322 —-
547 3287 707 3356 coemptio]
729 3286 768 3338 sic
791 3303 852 3339 cum
868 3306 894 3360 p
917 3287 996 3342 codd.
1017 3278 1157 3340 omces'et
1175 3287 1215 3339 sic
1232 3285 1315 3357 panio

272 3376 336 3439 post
353 3367 448 3432 etiom3
466 3371 564 3440 captio
582 3368 631 3440 Lg.
645 3370 670 3423 6.
701 3375 880 3442 contemptio
897 3371 932 3424 84
944 3389 1014 3426 corr.
1033 3378 1063 3425 ut
1080 3372 1127 3426 iiii.
1146 3399 1182 3411 —-
1203 3388 1257 3425 nec
1274 3371 1315 3438 st]

271 3469 344 3507 nam
367 3459 396 3505 et
421 3457 450 3508 oi
473 3456 523 3527 bg.
545 3456 570 3510 3.
596 3455 620 3507 5.
645 3453 671 3506 6.
696 3454 735 3507 14.
763 3454 802 3509 16.
830 3455 870 3509 17.
893 3456 934 3509 16.
959 3455 1001 3509 13.
1025 3455 1067 3510 14.
1087 3454 1130 3510 67.
1149 3455 1190 3509 79.
1212 3454 1254 3508 73.
1270 3453 1315 3511 86.

272 3537 308 3591 93
319 3554 389 3591 corr.
409 3540 497 3594 11484.
528 3557 600 3593 nam
618 3555 669 3608 pro
687 3555 741 3590 acc
759 3539 857 3595 1511.
875 3541 909 3595 35
921 3556 992 3596 corr.
1012 3537 1054 3592 69.
1070 3539 1112 3593 76.
1132 3542 1170 3592 ita
1187 3557 1256 3594 corr.
1272 3540 1315 3594 81.

271 3637 366 3691 raeque
388 3621 430 3677 84.
467 3622 525 3677 Pro
551 3627 580 3677 si
601 3630 746 3693 praeterea
763 3627 822 3677 etsi
840 3623 891 3695 Lg.
908 3626 950 3680 69.
968 3623 1009 3678 76.
1047 3630 1076 3676 et
1096 3629 1125 3677 si
1139 3623 1171 3678 81
1193 3641 1263 3679 corr.
1291 3628 1321 3679 si

273 3711 309 3759 et.
328 3734 363 3746 —-
384 3709 490 3776 paroc]
516 3714 546 3760 et
565 3710 659 3780 parvi
681 3706 724 3760 35.
760 3713 865 3780 mayn!
888 3716 917 3762 et
936 3712 1026 3781 parci
1049 3708 1118 3761 locis
1138 3709 1194 3764 inv.
1220 3709 1261 3763 15.
1283 3739 1320 3749 -

272 3791 388 3859 accipi]
410 3791 506 3861 scripsi
523 3808 558 3845 ex
575 3791 625 3861 Lg.
646 3790 687 3845 16.
706 3790 755 3847 65.Ι
768 3793 809 3847 79.
829 3803 934 3863 ponunt
954 3801 1017 3864 post
1034 3796 1138 3864 mapa!
1155 3795 1195 3847 14.
1214 3792 1256 3848 13.
1274 3792 1318 3845 69.

273 3872 314 3925 76.
335 3872 377 3925 93.
394 3903 430 3912 -
452 3878 485 3927 in
501 3874 704 3945 pub-ernaudo]
721 3876 907 3947 pubemtoodi
922 3877 973 3949 Lg.
990 3877 1015 3933 6.
1049 3882 1080 3931 in
1098 3893 1150 3931 om.
1171 3877 1221 3931 Gn.
1242 3877 1264 3929 1.
1283 3904 1319 3917 ·-

273 3955 396 4022 idcirco]
415 3974 442 4011 v.
462 3958 610 4023 6136-
627 3964 740 4013 erctum
758 3963 842 4028 cieri]
861 3961 930 4014 haec
946 3962 1062 4015 Victorii
1081 3961 1233 4013 emendatio
1252 3960 1320 4017 Vae.

274 4037 361 4092 Lectt.
374 4039 489 4094 XXXV.
505 4042 528 4094 1.
547 4040 611 4093 iude
629 4058 647 4092 a
657 4040 775 4099 Grutero
792 4055 905 4114 recepto
921 4053 972 4116 est,
989 4045 1154 4112 videturque
1170 4061 1205 4096 ex
1222 4044 1322 4098 multo-

275 4136 334 4173 rum
351 4121 432 4176 codd.
448 4121 519 4178 Pali.
543 4131 571 4177 et
587 4120 642 4178 Ox.
665 4128 802 4197 scripturo
827 4128 916 4185 ducta.
954 4129 1011 4184 iam
1030 4130 1073 4183 ed.
1090 4127 1166 4182 Lott.
1185 4125 1321 4184 heretum
