2980 4602
331 246 335 252 ⁷
428 268 1016 370 ononnronnnmnnras.
1146 304 1239 377 m
1345 404 1352 411 .

196 480 295 558 atque
307 480 496 538 ‘ornamenta
515 472 584 537 eius
599 473 707 556 ingeni
728 491 785 558 per
799 472 952 557 quaedum
969 470 1134 539 involucra
1148 481 1239 558 atque

195 592 403 674 integumenta
413 568 573 676 perspexi3
589 589 646 654 sed
662 608 703 654 ea
718 590 921 676 contemplari
935 606 1005 656 cnm
1018 609 1172 677 cuperem,
1186 592 1239 656 rix

199 707 368 792 aspiciendi
383 716 523 793 potestas
544 706 610 771 init.
648 704 756 791 ltaque
771 726 831 772 neo
844 706 904 772 hoc
920 727 1048 793 possum
1062 707 1167 774 dicero
1188 726 1238 774 me

193 826 317 889 omnino
334 826 489 908 ignorare
510 824 584 908 quid
604 824 765 911 possideat
791 842 892 908 neque
913 823 1007 909 plane
1027 844 1124 890 nossa
1147 835 1237 910 atquo

193 942 322 1033 uidisse.
368 941 439 1005 163.
461 939 547 1019 Quin
567 948 601 1006 tu
621 944 716 1026 igitur
736 941 818 1006 iacis
841 941 935 1018 idem,
958 943 1056 1026 inquit
1070 938 1239 1019 Scaeuola,

195 1059 279 1143 quod
300 1059 435 1135 iaceres,
458 1061 487 1139 si
508 1060 543 1123 in
561 1058 699 1144 aliquam
715 1059 837 1136 domum
851 1058 978 1145 plenam
991 1067 1239 1123 ornamentorum

192 1174 247 1240 vel
269 1177 302 1239 in
322 1174 433 1245 ¹villam
453 1177 623 1241 venissest
666 1173 703 1257 Si
725 1195 766 1240 ea
787 1178 935 1261 seposita,
957 1184 989 1239 ut
1011 1175 1101 1251 dicis,
1123 1183 1238 1251 essent,

192 1300 237 1368 tu,
253 1293 306 1376 qui
321 1290 416 1357 valde
432 1291 594 1377 spectandi
611 1293 737 1377 cupidus
755 1311 855 1369 esses,
870 1312 933 1357 non
947 1290 1107 1357 dubitares
1123 1310 1238 1375 rogare
1290 1322 1295 1339 ι

194 1407 365 1483 dominum,
387 1417 421 1471 ut
434 1409 569 1492 proferri
589 1406 720 1484 iuberet,
740 1411 923 1492 praesertim
945 1411 974 1474 si
995 1417 1081 1474 esset
1101 1406 1239 1473 familia-

194 1525 257 1602 ris3
281 1523 426 1587 similiter
446 1543 527 1588 nunc
540 1535 628 1609 petes
651 1521 818 1598 aGrasso,
838 1533 871 1588 ut
891 1524 980 1588 ssiam
1001 1526 1122 1611 copiam
1144 1543 1238 1590 orna-

181 1648 371 1704 mentorum
398 1657 537 1716 suorum
565 1659 658 1723 quam
681 1647 889 1727 constructam
913 1658 976 1703 uno
1000 1641 1034 1703 in
1053 1639 1125 1706 loco
1148 1641 1240 1726 quasi

190 1774 252 1841 pur
276 1763 477 1818 transennam
497 1764 731 1840 praetereuntes
759 1754 888 1817 strictim
918 1755 1110 1839 aspeximus,
1137 1757 1171 1819 in
1190 1756 1240 1820 lu-

195 2007 376 2079 aspemmm]
400 2005 453 2072 sic,
475 2023 530 2066 non
547 2005 755 2078 adspexerint,
776 2003 827 2075 Lg.
845 2003 921 2060 XXL
940 2005 1074 2074 bonique,
1095 2007 1239 2078 solentque

194 2093 233 2144 itu
255 2100 319 2145 ante
335 2109 368 2144 nc
385 2099 413 2144 et
430 2107 465 2162 sp
483 2091 667 2161 probatissimi
689 2089 759 2143 libri.
786 2088 836 2159 Lg.
857 2088 896 2143 13.
920 2089 949 2143 id
966 2106 1017 2145 om.
1037 2118 1072 2132 -
1100 2095 1238 2164 sumpta]
1300 2124 1308 2142 .

195 2191 246 2229 οιιι.
266 2174 316 2229 Gn.
333 2175 356 2229 1.
374 2205 410 2216 -
430 2176 663 2246 impressumque]
683 2176 866 2244 inpressique
883 2173 934 2228 Gn.
949 2173 973 2228 3.
991 2201 1027 2216 -
1042 2179 1182 2245 mmmm]
1199 2178 1240 2231 sic

196 2276 291 2312 omnes
309 2259 388 2313 codd.
408 2266 436 2311 et
453 2259 514 2314 edd.
535 2259 599 2314 inde
617 2258 652 2312 ab
672 2258 810 2326 antiquiss.
838 2257 903 2313 Eun.
923 2262 1068 2322 uentrem,
1092 2277 1239 2331 operarum

195 2343 314 2396 fortasse
337 2330 461 2411 peccato.
481 2370 517 2383 »-
547 2343 714 2414 explicatu]
743 2342 931 2414 emplicaoioti
955 2338 1007 2397 Gn.
1031 2343 1073 2408 3.,
1098 2344 1161 2398 dein
1185 2362 1238 2400 om.

196 2432 284 2480 ueste.
303 2453 339 2465 *-
361 2427 415 2491 uic]
434 2429 462 2477 m·
479 2427 568 2479 modo
585 2425 634 2497 Lg.
654 2426 696 2480 65.
729 2427 817 2480 modo
834 2445 887 2481 ona
906 2429 1016 2496 optimi,
1039 2425 1090 2481 Gn.
1104 2427 1129 2480 3.
1149 2426 1198 2497 Lg.
1213 2427 1240 2483 3.

197 2512 224 2562 d.
241 2509 281 2562 13.
297 2508 331 2561 33
343 2508 404 2561 add.
417 2509 470 2575 36,
489 2526 591 2578 eosque
608 2527 715 2578 sequor.
726 2540 761 2552 -
780 2528 873 2581 neque
890 2509 1010 2577 tabulis]
1030 2527 1083 2562 om.
1102 2509 1153 2564 Gn.
1167 2511 1192 2564 3.
1204 2539 1240 2552 --

198 2599 291 2663 atque
309 2595 496 2662 ornamento]
518 2610 555 2646 ac
572 2611 633 2649 orm.
653 2594 701 2666 ng.
720 2593 823 2660 xvii,
846 2597 873 2647 iu
897 2592 994 2661 quibus
1012 2600 1075 2645 sunt
1091 2592 1116 2648 3.
1135 2593 1177 2648 65.
1196 2595 1239 2651 66.

195 2677 238 2731 76.
255 2677 296 2733 73.
332 2684 362 2730 et
380 2677 420 2732 76.
432 2706 467 2719 —
484 2680 596 2751 inponi]
614 2679 676 2732 dedi
693 2697 728 2732 ex
745 2678 795 2749 Lg.
810 2678 849 2732 13.
865 2677 905 2731 lu.
920 2675 962 2730 36.
974 2676 1016 2730 65.
1049 2679 1162 2748 inpertit
1177 2683 1241 2733 dut

194 2762 293 2815 31173.
312 2789 349 2805 —·
367 2752 579 2834 intepumerota]
600 2768 782 2840 intemerato
796 2760 847 2833 Lg.
868 2762 968 2815 2corr.
986 2761 1011 2815 6.
1048 2764 1240 2833 ίπίεφίφηεηίμ

195 2846 247 2901 Gn.
273 2846 297 2901 3.
321 2847 345 2901 5.
371 2846 411 2901 16.
438 2847 479 2902 17.
503 2847 544 2901 31.
570 2849 612 2904 34,
632 2848 675 2902 65.
700 2847 735 2900 73
752 2862 821 2900 corr.
841 2847 882 2901 76.
901 2844 943 2899 86.
969 2846 1008 2897 ita
1025 2862 1094 2901 corr.
1115 2848 1158 2902 33.
1194 2853 1238 2903 in·

158 2967 160 2976 .
195 2934 363 3000 tepimeutis
381 2931 423 2986 33.
454 2932 498 2985 De
514 2932 568 2985 illis
586 2932 679 2985 formis
692 2930 832 3001 permixtis
843 2946 870 2982 v.
882 2930 967 2984 Druk.
986 2931 1022 2984 od
1033 2930 1094 2986 miv.
1108 2932 1237 2990 XXXVI.

195 3013 239 3080 33,
257 3013 282 3068 6.
296 3043 332 3055 -
345 3018 504 3087 perspemi]
520 3019 667 3088 prospect
682 3014 731 3084 Lg.
742 3014 770 3068 5.
789 3012 814 3067 6.
836 3013 875 3067 14.
895 3013 935 3068 15.
956 3013 996 3068 16.
1018 3014 1057 3070 17.
1076 3015 1118 3070 36.
1136 3016 1176 3072 33.
1196 3016 1237 3074 34.

194 3097 239 3152 35.
256 3098 298 3152 65.
316 3098 359 3153 69.
380 3099 421 3153 76.
439 3100 481 3154 73.
498 3099 541 3154 61.
560 3099 603 3154 66.
617 3099 672 3153 63..
686 3099 725 3152 ita
744 3114 813 3151 corr.
832 3097 873 3152 33.
892 3123 927 3139 »-
948 3100 1145 3171 contemplari
1161 3104 1239 3171 mum]

192 3182 277 3251 vulgo
296 3184 351 3236 inv.
383 3182 493 3237 Mutari
512 3201 547 3237 ex
565 3183 614 3254 ng.
630 3183 655 3238 3.
674 3183 698 3237 3.
720 3182 761 3236 16.
781 3181 822 3234 13.
840 3181 881 3235 33.
900 3181 941 3234 33.
958 3182 1000 3237 66.
1019 3183 1061 3237 67.
1081 3184 1121 3240 76.
1145 3185 1197 3240 Gn.
1212 3188 1238 3242 3.

192 3265 284 3318 Paulo
305 3276 369 3320 ante
388 3283 425 3320 ca
442 3285 494 3324 ont.
511 3268 584 3322 vict.
608 3295 644 3309 »-
675 3265 859 3338 aspiciendi]
885 3267 1056 3338 aspiciendi
1076 3267 1126 3338 hg.
1145 3268 1187 3322 31.
1205 3298 1240 3311 -

193 3352 306 3419 itaque]
331 3351 426 3420 scripsi
448 3368 499 3422 pro
521 3351 661 3421 vulgata
680 3368 716 3405 ex
733 3349 783 3420 Lg.
802 3350 827 3404 3.
845 3350 870 3404 3.
890 3351 915 3404 4
935 3348 975 3403 13.
993 3349 1027 3402 33
1044 3368 1115 3406 corr.
1134 3352 1176 3408 35.
1196 3353 1239 3409 36.

191 3436 235 3490 67.
254 3434 297 3493 66.
316 3435 358 3490 93.
380 3438 419 3489 ita
437 3451 506 3490 corr.
523 3433 566 3488 69.
590 3462 627 3475 —-
654 3433 719 3500 mcc]
744 3433 838 3503 scripsi
863 3451 899 3486 ex
921 3433 970 3504 hg.
994 3434 1035 3490 13.
1053 3434 1087 3487 33
1105 3453 1176 3490 corr.
1195 3437 1238 3493 35.

192 3518 235 3572 36.
254 3518 297 3574 69.
316 3519 359 3573 93.
384 3519 475 3589 Vulgo
492 3536 593 3588 nequa
621 3536 674 3571 om.
694 3517 733 3572 14.
756 3517 796 3571 15.
815 3517 858 3573 66.
876 3544 912 3559 -
944 3524 1032 3587 atque
1052 3519 1176 3589 uidisse]
1201 3523 1240 3575 sic

193 3619 245 3672 pro
272 3620 309 3657 ao
331 3603 380 3674 Lg.
400 3603 475 3658 XXI.
501 3603 619 3670 bonique
644 3615 739 3654 omnes
762 3609 872 3670 praeter
894 3601 938 3667 3.,
963 3600 1010 3670 qui
1034 3620 1133 3673 neque.
1181 3605 1239 3659 Pro

192 3686 307 3741 uidisse
327 3687 376 3757 mg.
396 3686 421 3754 3.
441 3687 465 3741 3.
486 3687 526 3740 13.
543 3685 644 3741 3336.
662 3684 706 3739 67.
734 3684 786 3739 Gn.
804 3685 829 3738 3.
848 3685 998 3740 invidiose.

282 3770 339 3825 163.
374 3770 422 3823 ocl
436 3775 468 3824 in
486 3771 599 3837 villum]
622 3769 773 3839 scripturae
789 3768 924 3823 otchmoe
946 3769 1008 3822 fons
1026 3770 1115 3825 nulius
1134 3774 1241 3836 ostendi
1345 3821 1347 3825 ,

192 3862 295 3925 potest.
332 3855 427 3908 ollam
448 3854 498 3925 Lg.
517 3855 620 3910 icon.
640 3857 672 3907 iro
689 3853 809 3916 oiilamf
831 3870 915 3923 porro
931 3854 957 3907 4.
977 3869 1004 3908 u.
1024 3857 1057 3909 iro
1072 3854 1194 3918 villam
1214 3855 1240 3910 5.

191 3939 216 3993 6.
237 3941 280 3993 14.
300 3939 341 3992 lu.
363 3939 403 3995 17.
417 3939 514 3994 ‘no-ai
532 3939 574 3992 33.
588 3938 629 3993 34.
642 3937 684 3991 35.
697 3939 740 3993 65.
753 3937 794 3991 76.
808 3936 850 3990 81,
863 3936 906 3991 66
940 3934 1045 3990 uillam
1064 3936 1104 3990 13.
1123 3937 1157 3990 33
1168 3955 1239 3997 corr.

191 4033 222 4076 ut
245 4023 270 4076 3.
291 4021 333 4077 36.
372 4023 456 4076 illam
481 4023 522 4078 16.
543 4023 584 4076 70.
608 4023 650 4077 73.
673 4020 715 4077 86.
746 4018 801 4077 Ox.
825 4019 920 4090 steph.
945 4018 1014 4072 lunt.
1040 4036 1092 4073 om.
1117 4020 1158 4074 w.
1194 4022 1244 4075 uel

192 4106 280 4173 iliam
292 4111 451 4181 invenisses
469 4107 504 4165 U.
519 4106 676 4181 villamque
693 4105 785 4162 ceteri.
811 4103 914 4161 Putmo
926 4101 1035 4155 videtur
1046 4103 1128 4157 uiuae
1141 4103 1240 4159 nenos
