2876 4612
263 308 366 381 ΜΘ
663 305 918 423 cressonis

264 478 412 564 quoniam
433 478 497 543 iam
519 475 645 543 aliunde
666 495 930 563 nonpossumus,
953 474 1105 540 sumenda
1125 485 1206 542 sunt
1233 476 1339 542 nohis
1362 522 1368 535 .

265 592 369 661 abiis
383 597 472 681 ipsis,
495 613 516 659 a
537 593 651 679 quibus
672 594 839 680 exspohati
860 612 976 670 snmus,
999 592 1164 659 dummodo
1192 594 1270 659 illa
1296 594 1341 659 ad

258 711 345 777 hunc
368 712 492 778 civilem
513 715 691 788 scientiam,
719 730 780 796 quo
799 712 953 796 pertinent
979 719 1010 774 et
1030 729 1124 796 quam
1146 713 1340 788 intuentur,

228 884 231 889 .
262 830 490 895 transieramus
511 849 626 914 neque,
648 837 682 894 ut
703 837 775 894 ante
799 828 879 904 dixi,
902 846 1023 892 omnem
1043 837 1182 893 teramus
1214 831 1255 893 in
1279 828 1337 892 his

264 946 423 1014 discendis
445 947 540 1012 rebus
562 955 713 1023 aetatem3
736 945 792 1011 sed
815 964 884 1009 cum
906 944 1001 1010 sontis
1021 944 1215 1020 viderimus,
1246 964 1336 1030 qnos

262 1066 326 1128 nisi
353 1065 406 1148 qui
432 1062 578 1129 celeriter
604 1065 765 1146 cognorit,
790 1080 947 1147 nunquam
974 1047 1147 1144 cognoscet
1174 1064 1334 1137 omnino,

262 1191 339 1257 tum,
368 1182 632 1267 quotienscunque
660 1199 737 1266 opus
764 1184 840 1255 erit,
867 1198 907 1243 ex
933 1180 973 1243 iis
999 1188 1133 1255 tantum,
1163 1189 1331 1264 qnantum

262 1318 315 1362 res
342 1308 452 1384 petet,⁴
470 1298 659 1363 hauriemus.
712 1294 785 1360 124.
816 1291 897 1360 Nam
925 1314 1026 1379 neque
1053 1304 1117 1359 tam
1149 1307 1199 1361 est
1233 1297 1330 1360 acris

214 1400 216 1411 ⁵
264 1417 357 1510 acies
373 1419 406 1480 in
427 1417 546 1480 naturis
568 1413 725 1479 hominum
747 1423 778 1479 et
798 1415 945 1497 ingeniis,
967 1422 1072 1476 utres
1094 1422 1201 1478 tantas
1225 1415 1329 1498 quis-

262 1551 355 1617 quam
387 1535 451 1597 nisi
479 1540 667 1597 monstratas
693 1532 794 1617 possit
818 1529 926 1596 videre
957 1549 1059 1614 neque
1090 1540 1180 1595 tanto
1206 1541 1326 1596 tamen

262 1650 296 1713 111
317 1649 412 1714 rebus
435 1649 626 1725 obscuritas,
653 1657 686 1712 ut
708 1667 765 1712 ees
791 1667 855 1712 non
875 1648 997 1731 penitus
1021 1648 1087 1711 acri
1108 1651 1158 1712 vir
1180 1649 1324 1731 ingenio

262 1777 385 1843 cernet,
413 1768 441 1831 si
468 1766 560 1833 modo
588 1766 754 1852 aspexerit.
796 1761 833 1828 ln
853 1762 913 1830 hoo
941 1765 1036 1847 igitur
1056 1773 1142 1829 tanto
1164 1774 1231 1829 tam
1258 1766 1321 1828 im-

262 1903 433 1968 mensoque
456 1903 565 1969 campo
594 1903 662 1948 cum
684 1882 781 1947 liccat
803 1884 920 1947 oratori
941 1883 1054 1966 vagari
1074 1866 1181 1947 ‘libere
1205 1893 1319 1968 atque,

261 1999 437 2084 ubicunque
459 2002 644 2077 constiterit,
668 2002 841 2066 consistere
864 2002 897 2066 in
917 2020 989 2078 suo,
1014 1998 1110 2064 facile
1133 2000 1320 2086 suppeditet

234 2254 237 2267 ·
352 2231 409 2286 123.
446 2235 509 2287 iem
526 2230 658 2298 alicunde]
681 2233 744 2285 iant
766 2233 912 2288 seeundum
935 2232 985 2288 Gn.
1002 2234 1027 2287 3.
1051 2251 1104 2288 om.
1124 2234 1189 2288 Sch.
1206 2264 1242 2277 ·-
1274 2235 1314 2288 ab

144 2340 147 2352 ’
263 2324 314 2390 its]
333 2320 370 2375 ab
388 2320 435 2374 his
454 2321 505 2393 Lg.
523 2320 566 2374 32.
583 2320 626 2375 65.
644 2320 686 2372 67.
705 2320 747 2376 69.
767 2321 809 2377 76.
826 2322 868 2377 81.
888 2338 942 2376 non
960 2339 1027 2376 sone
1045 2322 1175 2376 deterius.
1193 2352 1229 2365 -
1256 2341 1310 2378 en-

153 2405 155 2409 ’
263 2411 404 2484 spoliati]
426 2411 523 2480 scripsi
541 2401 575 2462 ex
595 2408 645 2478 Lg.
663 2407 689 2461 2.
707 2408 732 2463 3.
751 2411 775 2463 4.
796 2409 835 2483 13.
854 2409 1043 2481 11311011.
1062 2419 1090 2463 ut
1107 2412 1178 2482 vulg.
1199 2412 1242 2467 36.
1266 2410 1309 2465 76.
1327 2433 1334 2438 ·

262 2500 314 2554 Gn.
335 2500 358 2552 1.
376 2500 417 2565 3.,
441 2501 468 2552 in
492 2498 586 2567 quibus
610 2483 732 2551 omnibus
757 2506 799 2552 est
821 2498 976 2570 expoliati.
1011 2497 1158 2570 replicati
1177 2500 1217 2555 17.
1254 2517 1310 2554 en·

258 2591 342 2661 piati
357 2586 400 2641 65.
435 2587 565 2660 expilati
581 2585 737 2655 interpretis
757 2596 798 2639 est
816 2587 908 2639 notius
926 2586 1039 2640 verbnm
1057 2588 1143 2639 minus
1160 2596 1227 2641 noto
1245 2587 1309 2641 sunb-

261 2676 404 2730 stituentis.
422 2704 459 2716 -
486 2691 543 2744 quo
563 2671 729 2746 pertinent]
754 2691 814 2743 que
832 2681 912 2745 pert.
937 2673 986 2745 lug.
1007 2675 1024 2726 ‘2
1044 2692 1115 2729 corr.
1141 2675 1183 2728 ed
1205 2693 1306 2746 quam.

263 2765 303 2819 13.
322 2764 364 2822 36.
401 2780 492 2834 quum
510 2764 612 2815 deorr.
633 2770 661 2814 ut
677 2762 703 2815 1.
723 2762 764 2814 ud
782 2779 885 2831 (11111111,
904 2771 932 2816 ut
949 2761 1106 2828 111111111111111,
1124 2763 1175 2818 Gn.
1194 2764 1308 2818 1.3.·-

261 2851 424 2918 intuentur]
436 2852 558 2904 inutilem
572 2850 753 2903 coniectorem
765 2850 903 2903 Schuetzii
917 2855 1064 2903 instruemur
1077 2851 1164 2920 ipsam
1177 2851 1308 2905 exhibent

193 2982 196 2991 .
259 2941 310 3010 lug.
324 2940 367 2994 16.
380 2939 423 2993 65.
437 2940 553 2993 341011.
572 2938 796 2993 16101124-
812 2938 919 3008 fontis]
937 2940 976 2993 sic
987 2938 1038 3009 ng.
1053 2938 1093 2992 13.
1108 2940 1151 2993 36.
1171 2939 1222 2994 Gn.
1234 2941 1260 2994 3.
1270 2969 1306 2980 —-

172 3073 175 3078 .
261 3032 507 3099 quotienscunque
531 3027 587 3095 (sic
611 3035 658 3080 nut
683 3043 732 3096 per
757 3044 773 3079 e
796 3036 843 3080 auut
864 3045 896 3080 m
920 3037 965 3081 out
989 3030 1089 3082 omisso
1113 3030 1143 3095 s)
1166 3027 1215 3098 ng.
1238 3025 1306 3081 XXI

238 3114 378 3182 ‚honlqne
402 3131 510 3180 omnes,
534 3113 598 3167 item
622 3114 693 3167 Vict.
719 3114 768 3167 Gn.
788 3123 853 3168 tres.
873 3146 904 3154 —
935 3131 973 3166 cn
991 3115 1041 3181 iis]
1065 3116 1104 3169 e'u
1123 3115 1171 3168 his
1193 3116 1241 3186 Ing.
1260 3115 1304 3169 nl.

261 3202 303 3258 32.
322 3201 364 3257 65.
383 3202 425 3257 67.
444 3202 487 3257 69.
506 3203 547 3256 70.
566 3204 608 3256 73.
627 3201 669 3255 76.
693 3201 736 3255 sl.
755 3202 797 3255 34.
814 3202 856 3256 So.
882 3200 934 3255 Gu.
952 3211 1022 3267 tues,
1047 3220 1102 3273 non
1124 3204 1252 3257 deterius.
1271 3235 1303 3244 -

260 3280 445 3359 hauriemus]
472 3291 647 3344 hauriemus
675 3298 772 3343 eontra
800 3307 895 3347 omnes
923 3290 1002 3344 codd.
1027 3290 1123 3344 Lannb.
1148 3290 1214 3346 Ero.
1239 3291 1303 3366 Sclq.

252 3379 366 3433 Muelh
385 3378 450 3433 Non
470 3396 537 3449 opus
553 3377 624 3431 hanc
641 3370 802 3431 sententium
819 3378 934 3433 similem
953 3378 1031 3433 reddi
1047 3380 1142 3449 priori,
1159 3397 1229 3448 (puae
1247 3380 1303 3435 exit

258 3466 347 3520 verbo
371 3472 522 3530 teramus,·
547 3474 639 3536 potest
663 3466 734 3518 enim
757 3464 818 3518 sola
842 3484 892 3536 per
915 3485 945 3519 se
968 3476 1110 3532 constare,
1137 3467 1211 3536 quod
1232 3467 1302 3520 bene

234 3614 242 3633 x
259 3552 419 3606 observavit
437 3552 537 3611 Maon.
556 3554 591 3606 de
610 3554 715 3606 anacol.
731 3571 775 3624 ep.
792 3554 848 3610 Cio.
866 3553 893 3608 in
906 3553 1006 3607 wollii
1023 3554 1153 3608 analectis
1167 3553 1199 3611 11.
1218 3573 1246 3626 p.
1259 3556 1301 3610 13.

259 3639 292 3697 V.
311 3641 507 3711 explicationes
524 3641 560 3694 nd
577 3640 611 3696 11.
628 3641 672 3707 27,
692 3641 749 3695 116.

211 3834 217 3849 1
345 3775 404 3836 124.
439 3777 531 3844 notes]
551 3794 605 3830 om.
624 3777 675 3834 Gn.
696 3776 718 3832 l.
752 3784 782 3830 et
804 3777 905 3834 alacer
923 3777 968 3846 (p.
988 3783 1018 3831 et
1036 3777 1131 3844 ecies)
1154 3776 1206 3831 Gu.
1224 3775 1250 3830 3.
1268 3805 1301 3818 -

164 3929 168 3941 Ι
252 3865 371 3939 possit]
389 3870 492 3936 posset
514 3863 676 3935 1.g.xlX.,
705 3865 745 3917 sic
770 3882 833 3927 nou¹
849 3865 995 3931 meliores,
1018 3873 1130 3934 praeter
1151 3864 1202 3943 32,
1218 3848 1301 3932 'isque

258 3970 331 4006 corr.
351 3983 382 3992 -
414 3959 478 4006 tum
497 3953 708 4022 immensoque]
732 3953 804 4005 hunc
823 3953 946 4023 positure
968 3952 1098 4006 exhibent
1114 3952 1172 4023 ling.
1191 3961 1301 4022 praeter

257 4041 282 4093 3.
296 4041 313 4091 d
326 4039 366 4107 (is
384 4055 437 4091 om.
453 4039 539 4106 tenu).
553 4038 578 4091 6.
595 4038 635 4092 ln
650 4039 703 4104 84,
722 4039 786 4091 item
804 4038 856 4093 Gn.
870 4048 937 4105 tres,
954 4039 1026 4094 Vict.
1057 4038 1128 4094 Edd.
1145 4049 1210 4093 ante
1225 4040 1299 4093 Grut.

257 4126 407 4198 pleraeque
424 4130 544 4194 tumque
562 4128 713 4181 immenso.
731 4155 766 4167 ·-
786 4126 959 4197 consistere]
977 4142 1031 4181 om.
1050 4125 1100 4199 ng.
1115 4127 1140 4193 1,
1154 4128 1179 4184 4.
1200 4127 1240 4185 13.
1258 4126 1298 4184 15.
