2876 4612
372 304 430 372 nn
459 300 687 372 osnnoun
714 261 840 370 ninus
861 301 913 370 111.
935 304 987 370 ao.
1070 304 1198 398 soon
1255 260 1257 271 ’

75 440 79 449 ,
155 483 275 542 rectum
300 473 541 559 faciendumque
561 475 602 539 sit
622 473 796 559 quaeritur,
822 473 895 557 quoi
918 470 991 536 loco
1014 472 1115 537 omnis
1135 473 1199 538 rir-

155 600 251 657 tutum
278 601 308 657 et
332 593 478 657 vitiorum
504 601 553 655 est
581 590 663 656 silva
689 589 850 666 subiecta3
883 598 936 653 aut
967 589 1000 652 iu
1026 590 1200 654 animorum

156 680 479 794 aliqua‘pcrmotionc
507 716 560 772 aut
585 706 746 791 gignenda
774 716 827 771 aut
853 705 995 771 sedanda
1019 704 1199 796 tollendave
1229 740 1231 749 <

153 833 332 918 tractantur.
358 823 438 889 Huic
454 827 564 908 generi
579 824 740 890 subiectae
757 832 831 888 sunt*
844 822 1076 923 cohortationes
1092 823 1199 889 obiur-

154 943 299 1023 gationes
327 939 561 1006 consolationes
584 943 803 1006 miserationes
827 943 989 1024 omnisque
1013 939 1055 1005 ad
1076 959 1198 1005 omnem

154 1058 252 1121 animi
278 1067 392 1122 motum
418 1066 449 1122 et
475 1057 620 1143 impulsio
638 1059 745 1147 ‘etsi
772 1060 892 1123 iteres
913 1056 1005 1134 seret,
1032 1058 1196 1141 mitigatio.
1208 1095 1292 1176 Μ
1318 1105 1320 1110 .
1364 1073 1370 1085 ⁸

153 1172 226 1237 119.
248 1171 419 1258 Explicatis
442 1176 536 1257 igitur
557 1173 606 1239 his
623 1173 792 1258 generibus
816 1192 854 1238 ac
873 1173 973 1238 modis
996 1164 1270 1259 disceptatio-‘de
1280 1164 1408 1260 μή]
1437 1219 1438 1224 ,

152 1308 225 1353 num
253 1292 387 1354 omnium
404 1280 491 1355 ‘nihii
520 1310 597 1355 sane
625 1291 667 1357 ad
692 1311 758 1356 rem
784 1291 930 1376 pertinet,
958 1291 986 1354 si
1015 1309 1076 1373 qua
1102 1291 1135 1353 in
1161 1310 1195 1354 re
1211 1260 1267 1302 (λ
1284 1258 1428 1323 ww

152 1404 323 1491 discrepuit
354 1405 393 1470 ab
421 1406 539 1473 Antoni
570 1407 724 1474 divisione
754 1416 864 1471 nostra
888 1408 1024 1493 partitio.
1077 1403 1197 1471 Eadem

151 1531 223 1586 sunt
248 1521 389 1587 membra
415 1525 448 1587 in
469 1526 628 1609 utriusque
656 1504 883 1615 disputatione,
906 1522 962 1587 sed
983 1522 1078 1607 paulo
1104 1543 1197 1588 secus

153 1657 244 1703 arne
272 1649 364 1724 atque
392 1639 432 1705 ab
460 1640 517 1705 illo
543 1642 658 1726 partita
685 1659 723 1705 ac
750 1639 923 1705 distributa.
966 1636 1055 1704 Nunc
1069 1639 1124 1704 ‘od
1145 1660 1197 1705 re-

151 1753 241 1838 liqua
260 1754 447 1841 progrediar
471 1736 581 1842 meque
610 1757 652 1822 ad
672 1768 784 1822 meum*
799 1776 909 1821 munus
930 1773 1120 1843 pensumque
1145 1776 1197 1821 re-

149 1871 283 1936 vocabo.
337 1871 418 1937 Nam
448 1893 488 1938 ex
510 1873 585 1939 illis
615 1873 713 1951 locis,
748 1893 827 1958 quos
859 1875 1001 1959 exposuit
1030 1859 1195 1951 Antonius,

151 1990 257 2054 omnia
283 1999 353 2054 sunt
385 1989 426 2054 ad
452 2010 594 2076 quaeque
621 2010 742 2074 genera
768 1992 985 2076 quaestionum
1011 2000 1197 2074 argumenta

149 2104 315 2183 sumenda3
342 2106 400 2172 sed
422 2106 496 2173 aliis
518 2108 688 2192 generibus
706 2108 772 2174 -alii
793 2106 857 2174 loci
879 2109 982 2192 magis
1004 2117 1093 2172 erunt
1115 2109 1194 2195 apti3

149 2220 188 2289 de
220 2242 300 2310 quo,
332 2243 396 2289 non
427 2234 491 2291 tant
524 2229 599 2311 quia
629 2225 759 2310 longum
790 2234 858 2304 est,
891 2245 984 2310 quam
1016 2226 1092 2310 quia
1122 2244 1195 2310 per·
1247 2296 1248 2300 ,

239 2432 296 2488 lto.
315 2438 316 2441 ’
333 2434 516 2508 discrepuit]
540 2439 675 2507 scriptura
697 2457 715 2492 a
732 2437 827 2493 Nonio
850 2447 962 2491 servata
983 2453 1009 2491 v.
1030 2436 1195 2510 discrepuit

150 2536 177 2588 p.
191 2517 233 2573 84.
246 2517 336 2573 Mero.
350 2527 378 2573 et
391 2537 408 2571 a
419 2520 485 2574 Sclr.
503 2518 552 2575 Or.
570 2521 656 2575 ilenr.
673 2522 778 2574 adscita
794 2519 920 2574 lituratum
938 2522 1019 2575 etiam
1030 2521 1120 2576 Havn.
1135 2522 1156 2577 1.
1167 2523 1193 2578 3.

150 2602 202 2658 Gn.
223 2604 246 2657 1.
267 2603 292 2658 2.
317 2603 423 2657 duobus
440 2604 509 2674 Reg.
533 2604 584 2676 Lg.
602 2605 628 2660 5.
652 2606 751 2660 1316.
775 2605 814 2659 17.
837 2605 879 2659 to.
898 2605 940 2660 tt.
959 2604 1001 2661 23.
1025 2606 1134 2661 3267.
1151 2607 1193 2661 69.

149 2688 191 2747 711.
209 2688 252 2741 73.
270 2688 311 2742 ro.
346 2684 505 2761 Legebotur
528 2689 715 2765 discrepavit.
736 2718 771 2729 —-
804 2689 929 2757 Antoni]
952 2691 992 2743 sic
1013 2689 1064 2760 Lg,
1086 2691 1127 2745 17.
1151 2692 1195 2750 33.
1292 2762 1297 2773 .

148 2770 200 2826 Gn.
217 2771 239 2828 i.
252 2771 322 2840 (tic).
336 2775 361 2829 3.
376 2803 412 2813 —
430 2774 536 2826 eodem
549 2774 634 2840 suni]
652 2774 742 2852 vulgo!
750 2773 938 2844 interpositum
952 2776 1030 2827 euim
1046 2776 1195 2853 secondum

147 2855 216 2910 VSt.
233 2869 266 2925 tp.
286 2857 338 2911 Gn.
352 2857 377 2912 3.
398 2857 457 2911 1111.
477 2859 538 2913 edd.
558 2858 642 2928 antiq.
662 2857 764 2911 delevit
782 2856 877 2924 liena,
896 2847 1005 2912 cansdm
1023 2860 1136 2927 addens,
1154 2862 1195 2916 sic

148 2940 276 2995 debuisse
294 2941 378 2996 scribi
399 2942 505 2995 eadem
524 2948 593 2996 suni
612 2947 699 2998 enim.
745 2941 899 3013 Perperam
917 2944 1040 3012 quidem:
1062 2961 1089 3000 v.
1108 2946 1195 3015 expli·

149 3025 279 3080 cationes.
316 3026 374 3078 Sed
395 3026 455 3095 ipse
474 3043 583 3096 qnoque
604 3027 696 3084 delevi
714 3027 890 3097 particulam,
915 3028 989 3097 quod
1006 3029 1085 3084 abest
1107 3029 1192 3102 alig·

147 3118 260 3180 praeter
275 3109 314 3163 17.
329 3110 370 3164 67.
386 3110 428 3163 84.
446 3111 570 3167 omnibus
590 3120 617 3166 et
630 3110 699 3165 Vict.
713 3141 749 3152 —
766 3116 798 3165 in
811 3116 963 3183 utriusque
977 3108 1192 3185 disputatorie]

146 3193 286 3264 vulgatum
310 3203 352 3248 est
376 3193 410 3246 ab
427 3194 499 3247 Aldo
522 3195 558 3249 ad
574 3194 719 3251 Ernestnm
742 3201 774 3250 in
793 3200 943 3266 utrisque,
967 3207 1054 3250 ortum
1081 3215 1117 3251 ex
1136 3201 1193 3258 iuri·

146 3277 249 3335 tatione
264 3278 379 3335 ablativi
394 3278 522 3347 pluralis3
540 3279 790 3352 dioprttuiiouidus
807 3276 878 3333 enim
897 3280 987 3334 Hovn.
1000 3280 1025 3338 2.
1044 3280 1095 3352 ng.
1110 3283 1193 3352 pleri-

147 3378 210 3430 que,
228 3364 320 3432 itaque
338 3361 400 3417 edd.
418 3363 501 3432 antiq.
522 3372 550 3420 et
567 3363 652 3428 Ern.;
670 3364 750 3432 falso,
768 3373 866 3420 necuter
884 3364 956 3416 enim
974 3364 1193 3436 disputationes

147 3445 295 3513 diviserat,
318 3446 368 3500 sed
391 3447 624 3518 disputationem
646 3466 723 3501 snam
747 3448 782 3501 de
805 3448 964 3500 inventione
988 3450 1116 3504 oratorio.
1152 3451 1193 3506 Ui

147 3543 199 3580 nos
224 3545 283 3581 cum
306 3530 403 3600 Stcpla
426 3530 527 3586 Pearc.
553 3532 616 3587 Sclr.
636 3532 735 3587 Muell.
759 3529 808 3586 Or.
827 3531 911 3599 llenr.
937 3533 1075 3601 dedimus,
1100 3545 1141 3591 est
1164 3536 1191 3590 in

148 3608 225 3666 Cant.
250 3611 325 3666 Harl.
346 3611 374 3667 1.·
396 3615 426 3669 Z.
442 3635 469 3684 y.
484 3633 506 3669 s.
525 3632 578 3685 mg.
592 3618 618 3671 d.
639 3616 696 3670 Erl.
721 3615 772 3685 Lg.
790 3615 816 3669 2.
834 3617 859 3669 4.
878 3616 919 3670 13.
939 3616 973 3670 33
990 3635 1060 3673 corr.
1081 3620 1124 3674 36.
1160 3620 1191 3673 ln

146 3693 199 3747 Gn.
214 3694 334 3764 3(quem
346 3696 430 3753 fleur.
445 3700 575 3768 Avocat)
592 3717 648 3754 non
664 3700 878 3771 disputatione,
897 3701 946 3754 sed
959 3700 1191 3774 (imputationem

143 3777 275 3847 scriptum
292 3789 342 3834 est.
359 3809 405 3835 -·.
420 3799 456 3836 aa
474 3783 647 3851 distributa]
666 3791 753 3854 etque
771 3783 856 3840 distr.
874 3784 963 3857 Lgfl.
982 3787 1006 3841 6.
1026 3788 1068 3841 36.
1086 3788 1128 3842 65.
1146 3788 1190 3842 81.

143 3861 186 3916 81.
206 3880 259 3916 om.
280 3864 323 3919 35.
341 3864 385 3921 93.
422 3865 480 3922 Sed
497 3886 534 3922 oo
553 3867 664 3922 tributa
682 3870 707 3922 4.
726 3868 767 3924 13.
786 3868 821 3922 32
834 3887 920 3936 corr„
939 3871 1013 3941 quod
1031 3872 1191 3941 exquisitius

142 3948 300 4016 videretur,
321 3951 385 4005 dum
403 3961 542 4007 constaret
561 3952 689 4007 tribuere
706 3971 758 4023 pro
776 3953 981 4008 distribuendo
1000 3956 1053 4008 diei
1071 3972 1127 4008 non
1144 3954 1192 4005 ad,

142 4032 201 4086 dits
219 4033 423 4104 significatione
440 4036 578 4104 quomodo
595 4039 656 4092 sive
674 4040 702 4091 iu
719 4037 852 4107 quasnam
870 4048 964 4109 partes
982 4038 1085 4106 aliquid
1102 4036 1190 4089 distri·

142 4115 251 4179 buatur.
269 4117 344 4177 Nam
355 4118 420 4179 Tac.
433 4120 502 4176 Anu.
514 4120 561 4175 tv.
571 4122 613 4178 64.
626 4123 706 4181 aliter
716 4124 831 4195 intelligi
844 4123 934 4182 debet.
949 4153 979 4166 -
993 4106 1190 4192 proqrediur]
