2876 4612
263 302 357 376 m
658 298 914 369 CICERONIS

264 473 344 539 sctis
363 458 551 555 significavit
572 480 718 556 quantum
739 448 825 536 e⁰sset
846 471 880 535 in
902 471 1037 550 actione,
1059 472 1113 557 qui
1135 473 1336 538 oraticnem

264 589 397 657 eandem
419 588 515 654 sliam
536 587 605 653 scre
626 587 741 673 putarit
761 597 869 653 actore
891 597 1018 654 mutate.
1049 586 1123 653 214.
1147 587 1236 667 Quid
1263 590 1335 654 fuit

263 710 297 772 in
318 704 473 782 Graccho,
495 724 585 790 quent
605 713 638 768 tu
658 703 782 781 melius,
805 701 926 782 Catule,
948 706 1130 782 meministi,
1154 706 1241 790 qued
1268 726 1329 770 me
1412 680 1413 729 ³

262 842 360 910 puero
382 831 543 907 tantopere
564 820 717 886 iemctnrt
755 822 826 898 Quo
847 840 895 885 me
915 825 1012 886 miter
1032 823 1221 904 canteram?
1249 842 1326 905 qtae

263 942 412 1009 entant>
433 943 469 1003 in
492 939 745 1019 Capitoliumne?
767 949 801 1003 at
822 939 934 1020 [ratris
955 942 1110 1020 sananim
1130 941 1300 1005 redundat
1309 962 1322 1016 ‚·

263 1079 307 1124 an
333 1058 488 1122 domam?
513 1066 684 1145 matremne
709 1064 746 1119 nt
769 1056 919 1118 miseram
945 1056 1164 1120 lamentantem
1183 1059 1319 1121 videam

264 1188 293 1243 et
315 1174 495 1240 aitiectamil
532 1170 622 1249 Quae
644 1172 692 1236 sic
715 1169 755 1235 ah
777 1169 834 1237 ille
856 1190 928 1235 esse
952 1181 1024 1237 acta
1044 1171 1211 1238 constabat
1233 1192 1315 1239 ecu—

197 1307 205 1313 ’
262 1293 306 1359 his
330 1310 410 1358 voce
437 1298 542 1374 gestu,
569 1288 689 1355 inimici
715 1296 748 1351 nt
771 1286 922 1352 lacrimas
947 1297 1053 1352 tenere
1079 1307 1144 1353 nnn
1168 1299 1311 1374 possent.

262 1409 352 1476 Haec
377 1426 416 1474 ee
443 1406 514 1472 dico
535 1403 691 1491 pluribus,
719 1403 801 1488 qued
827 1422 927 1486 genus
953 1403 1014 1469 hec
1034 1413 1130 1477 tatum
1152 1414 1311 1483 aratores,
1413 1400 1414 1405 ’

263 1529 316 1612 qui
342 1533 414 1589 sunt
437 1524 578 1588 veritatis
606 1522 705 1607 ipsius
733 1529 871 1596 actores,
899 1520 1105 1606 reliquerant,
1132 1522 1309 1588 imitatores

264 1654 365 1709 autern
384 1641 526 1706 veritatis
547 1636 716 1703 histriones
737 1638 975 1723 occupaverunt.

346 1755 440 1822 LVII.
476 1754 550 1819 215.
582 1753 641 1819 hc·
658 1755 734 1818 sine
755 1753 849 1820 dubie
880 1756 914 1818 in
941 1755 1024 1820 omni
1050 1755 1207 1820 revincit
1234 1755 1307 1818 imi-

237 1879 410 1944 ·tntienern
429 1875 563 1950 veritss3
585 1871 643 1937 sed
664 1889 705 1936 en
726 1872 755 1935 si
776 1872 855 1936 satis
877 1873 909 1934 in
932 1872 1055 1936 actione
1077 1870 1214 1937 efficeret
1232 1873 1306 1958 ipsa

260 2012 318 2082 per
334 2011 417 2067 sese,
439 1998 506 2054 arte
523 1987 663 2073 proiecte
684 2006 749 2053 nen
770 2005 943 2070 egeremus.
977 1984 1092 2052 Verum
1114 1990 1189 2075 qnia
1206 1991 1304 2055 ammi

248 2239 312 2310 ng.
328 2237 354 2292 2.
380 2233 543 2291 131617.
565 2230 674 2290 3665.
697 2232 739 2288 70.
757 2233 866 2298 73.,81.
884 2236 926 2293 86.
956 2236 1026 2292 vict.
1054 2236 1107 2292 Gn.
1123 2238 1150 2290 2.
1177 2253 1205 2291 v.
1226 2237 1261 2291 ad
1276 2236 1298 2290 1.

260 2321 386 2390 35,166.
405 2348 441 2363 -
472 2326 501 2375 et
517 2319 667 2388 mamma]
691 2335 743 2372 om.
764 2317 816 2371 Gn.
836 2319 860 2373 1.
878 2348 914 2360 -
939 2321 1142 2390 miraremini]
1162 2322 1300 2392 vulgatum

260 2407 492 2462 admiraremini
518 2405 617 2458 cedere
641 2404 706 2456 iussi
730 2404 882 2472 scripturae
908 2405 991 2476 longe
1013 2405 1136 2472 lectiori,
1166 2422 1236 2474 quac
1258 2422 1299 2458 re·

199 2504 204 2515 ’
258 2492 365 2563 peritur
379 2491 407 2543 in
425 2490 478 2560 Lg.
489 2488 514 2542 2
527 2489 552 2543 4.
572 2488 611 2542 13.
630 2489 672 2542 24.
690 2487 725 2540 32
739 2505 810 2542 corr.
829 2487 871 2542 36.
890 2489 932 2542 65.
961 2493 1143 2543 miraremur
1160 2489 1212 2543 Gn.
1225 2490 1250 2543 3.
1266 2519 1296 2528 -

259 2575 355 2628 aliam
365 2573 445 2644 fore]
464 2591 525 2628 cum
542 2573 606 2625 oiim
619 2572 701 2642 vulgo
718 2572 857 2642 legeretur
870 2590 942 2636 esse,
960 2574 1058 2626 melior
1069 2573 1213 2642 scripturn,
1228 2590 1298 2643 qnae

259 2667 350 2713 exstat
367 2660 395 2712 in
413 2658 504 2712 Hevn.
517 2657 542 2709 2.
566 2656 627 2710 Pat
647 2655 669 2708 l.
688 2654 712 2709 2.
731 2655 756 2708 3.
780 2654 853 2710 Pith.
871 2653 956 2711 Mem.
977 2657 1071 2726 (VSt.)
1091 2657 1169 2712 Cant.
1189 2659 1255 2725 Ζ.β.
1268 2677 1295 2727 γ.

258 2761 280 2799 e.
295 2754 327 2813 ψ.
350 2742 403 2796 Gu.
426 2741 483 2796 Eri.
502 2749 530 2794 et
547 2739 609 2793 edd.
627 2740 727 2808 entim,
749 2739 802 2792 inm
821 2757 838 2793 a
854 2738 971 2794 Peercio
989 2738 1129 2795 Muellero
1148 2751 1176 2795 et
1193 2740 1295 2796 Orellio

257 2827 371 2881 reducta
388 2834 445 2889 est;
470 2841 530 2877 cnm
546 2823 600 2876 iliis
618 2839 690 2876 nunc
706 2824 872 2877 conveniunt
889 2841 984 2878 omnes
1000 2824 1052 2896 Lg.
1069 2835 1180 2896 praeter
1198 2826 1238 2879 15.
1252 2826 1292 2881 24.

257 2912 301 2965 81.
314 2911 367 2976 86,
384 2911 447 2963 item
459 2908 530 2961 Vict.
555 2906 586 2960 ln
601 2908 641 2961 15.
653 2906 695 2961 24.
709 2906 744 2960 86
763 2915 805 2960 est
818 2906 932 2977 facere,
948 2910 976 2961 in
990 2909 1077 2980 primo
1094 2928 1172 2966 corn·
1185 2910 1294 2965 1112.-

252 2994 390 3066 putarit]
408 2994 448 3045 sic
465 2991 549 3060 vulgo
565 2992 664 3043 lectum
676 2998 800 3061 pataret
818 2992 927 3045 correxi
946 3010 982 3046 ex
997 2993 1048 3065 ng.
1064 3001 1176 3065 praeter
1192 2994 1234 3048 81.
1252 2994 1292 3047 84.

258 3075 392 3140 omnibns,
411 3073 481 3125 Vict.
500 3074 552 3128 Gn.
572 3074 597 3126 3.
617 3078 669 3142 qni
687 3081 729 3125 est
746 3092 831 3138 eam,·
854 3092 905 3128 nec
925 3078 1013 3147 agitur
1036 3078 1071 3132 de
1087 3078 1223 3131 Aeschine
1241 3086 1292 3131 tum

257 3157 425 3232 potissimum
442 3163 571 3227 putante,
593 3156 642 3209 sed
658 3155 756 3211 Cicero
775 3160 810 3211 de
826 3159 969 3213 Aeschinis
986 3163 1121 3214 sententia
1137 3163 1243 3216 indicet.
1261 3192 1289 3203 -

258 3243 372 3311 actare]
397 3248 518 3297 anctore
542 3240 604 3294 libri
626 3241 796 3309 deteriores,
821 3259 935 3312 quorum
961 3254 1051 3299 tamen
1074 3245 1119 3299 hic
1140 3246 1232 3300 similis
1254 3254 1292 3300 est

257 3329 309 3383 Gu.
330 3327 356 3382 3.

343 3441 403 3496 214.
439 3460 525 3511 quem
548 3450 581 3497 ta
603 3442 722 3506 melias,
751 3441 865 3511 Catule]
888 3447 929 3498 sic
949 3444 1000 3517 ng.
1017 3446 1043 3499 2.
1067 3446 1108 3502 13.
1128 3445 1170 3502 36.
1198 3445 1289 3501 (16.3.

256 3529 345 3583 ann.
362 3526 384 3580 l.
404 3526 500 3595 (quae)
516 3526 624 3580 Nonius
642 3544 668 3581 v.
687 3531 811 3581 memini
828 3545 855 3598 p.
867 3528 919 3582 324
932 3528 1021 3584 Marc.
1040 3528 1122 3585 Goth.
1141 3540 1168 3585 et
1181 3537 1287 3585 recenti

255 3620 319 3683 post
336 3608 400 3663 Sch.
429 3627 455 3678 q.
475 3617 516 3673 tn,
538 3609 771 3674 Calciamentis
789 3618 852 3666 cett.
871 3614 950 3667 codd,
967 3641 1004 3656 —-
1028 3614 1192 3687 tantopere]
1211 3621 1288 3668 tanin

256 3712 344 3768 apere
361 3694 412 3748 Gn.
426 3693 451 3750 3.
469 3722 505 3733 -
526 3693 669 3764 ferretur]
689 3696 846 3765 efferretur
862 3696 981 3750 malebat
997 3696 1153 3753 Lambinus.
1173 3729 1205 3739 -
1228 3712 1288 3751 em
1341 3688 1344 3693 ¹

255 3781 329 3847 tam]
353 3795 401 3831 me
421 3785 536 3831 neriam
558 3778 608 3849 ng.
626 3781 652 3833 3.
670 3781 695 3831 4.
723 3779 763 3836 15.
782 3780 824 3833 24.
848 3780 891 3833 67.
907 3780 950 3834 86.
976 3781 1015 3834 ita
1037 3798 1108 3838 corr.
1127 3782 1169 3836 32.
1186 3811 1222 3822 -
1244 3800 1287 3835 re·

256 3863 388 3929 dandal]
413 3863 516 3917 madet
539 3862 589 3933 hg.
607 3863 633 3917 2.
657 3865 682 3915 4.
709 3863 749 3918 13.
772 3863 807 3918 32
824 3881 895 3918 corr.
920 3864 963 3919 36.
991 3865 1043 3920 Gn.
1061 3865 1087 3920 3.
1112 3865 1287 3919 memorabilis

253 3949 405 4017 scripture,
435 3961 515 4013 quam
542 3954 572 3998 ut
596 3946 726 4015 recipiam
752 3948 848 4002 suadet
873 3949 992 4019 simplex
1019 3958 1046 4004 et
1068 3952 1220 4003 inornatum
1244 3949 1286 4002 illo

253 4032 347 4083 seculo
365 4028 473 4081 dicendi
491 4045 591 4097 genus,
609 4028 750 4097 prohihet,
774 4031 917 4097 quominus
932 4031 996 4099 flat,
1020 4034 1093 4101 qnod
1111 4033 1236 4085 madere
1249 4033 1284 4085 vi-

254 4114 334 4166 detur
348 4112 429 4165 atteri
441 4110 528 4164 verbo
541 4110 746 4181 interpretanda
759 4115 886 4183 potuisse
893 4117 1000 4175 aserim.
1014 4146 1050 4158 -
1066 4116 1282 4185 lamentantem]
