2958 4584
396 312 972 415 morinorumque.
1107 294 1206 392 'ino

164 487 225 553 ons
247 483 370 550 Latinis
390 481 495 548 verbis
516 481 608 548 huius
631 482 720 549 verbi
741 486 803 549 viro
823 483 876 549 uel
896 485 1062 551 noxiorum
1081 504 1206 572 tempu

164 603 281 686 putavi.
324 598 421 677 Quem
443 600 525 663 enim
546 617 605 663 nos
627 602 767 679 ineptum
786 618 949 676 vocamus,
971 603 1000 666 is
1021 599 1205 699 111111116-

165 727 217 781 tnr
243 716 281 781 alr
308 714 367 781 lroo
393 734 506 780 nomon
532 713 649 779 habere
677 714 816 792 ductum,
840 716 923 800 quod
947 736 1013 781 ooo
1039 719 1079 784 sit
1099 730 1204 799 optut,

167 832 258 916 idque
279 833 312 896 in
326 832 480 896 sermonis
502 832 601 896 nostri
622 831 845 896 consuetudine
861 830 981 917 perlote
997 843 1095 918 potet.
1124 831 1204 899 Non

142 949 219 1031 'qui
240 956 291 1012 aut
305 957 425 1032 tempus
449 945 523 1030 quid
543 946 678 1031 postulet
697 966 760 1012 non
781 947 866 1013 videt
888 957 940 1013 eut
960 947 1051 1033 pluto
1069 948 1208 1034 loquitur

165 1073 216 1129 out
238 1083 272 1127 se
296 1071 431 1128 ostentat
457 1071 652 1138 statuorum,
679 1061 861 1147 quibuscum
883 1073 945 1140 est,
971 1062 1023 1130 vol
1044 1063 1205 1148 digntatis

162 1178 213 1247 vel
240 1178 394 1244 commodi
419 1179 572 1243 rationem
597 1197 660 1242 non
686 1176 781 1244 habet
808 1190 861 1245 out
882 1179 1016 1264 deniqne
1043 1181 1077 1244 in
1097 1179 1205 1267 ulique

163 1313 281 1377 genero
304 1304 356 1359 out
377 1295 581 1359 inoonoinnus
604 1303 656 1358 out
674 1294 787 1359 rnnltus
808 1306 865 1371 est,
887 1297 915 1360 is
937 1299 1062 1377 ineptus
1083 1296 1209 1362 dieitur(

163 1408 214 1473 18.
238 1408 308 1475 Hoc
332 1411 409 1474 vitio
436 1408 593 1474 outnuloto
618 1419 667 1473 est
696 1410 906 1476 eruditissimo
932 1411 991 1478 illa
1013 1390 1207 1479 Graecorum

162 1526 258 1590 notio.
308 1522 416 1608 ltaque
444 1525 527 1608 quod
552 1524 615 1589 vin
641 1523 734 1588 huius
759 1524 835 1589 ntuli
863 1523 977 1592 Groeoi
1001 1547 1065 1594 non
1089 1528 1205 1606 vident
1247 1526 1249 1531 ’

162 1661 203 1706 ne
225 1658 341 1706 nornen
362 1638 486 1721 quidm
507 1640 629 1734 eivitio
652 1639 872 1732 imposuerunt.
906 1638 945 1705 Ut
965 1644 1049 1717 enirn
1069 1663 1206 1728 queem

164 1756 286 1830 onnia,
314 1752 467 1837 quomodo
491 1751 606 1818 Graeci
632 1756 772 1833 ineptum
798 1753 954 1840 appellent
973 1774 1036 1821 non
1056 1762 1205 1842 reperies.

165 1856 310 1934 Onrninrn
332 1878 434 1933 outoni
449 1871 643 1954 ineptiarum,
666 1879 832 1952 quaesunt
848 1870 1101 1949 innumerabiles,
1122 1872 1207 1940 houd

164 1987 232 2051 soio
254 2003 296 2048 an
315 1983 405 2048 nulla
426 1986 467 2050 sit
487 1987 601 2058 maior,
630 2003 736 2069 quom,
763 1995 795 2049 ut
814 1984 863 2051 illi
884 1985 1000 2063 solent,
1023 1999 1204 2075 quoeunque

164 2101 306 2178 inloto,
334 2119 533 2186 quoscunque
560 2102 641 2164 inter
667 2097 808 2167 homines
830 2103 930 2167 visum
955 2113 1015 2180 est,
1043 2102 1082 2169 to
1109 2104 1203 2171 mins

166 2331 246 2384 codd.
264 2340 291 2384 et
310 2331 371 2385 edd.
392 2333 547 2401 antiquiss,
570 2331 737 2401 itemlvulgo
763 2339 826 2401 post
842 2331 919 2386 Grnt.
957 2347 994 2384 oo
1013 2338 1045 2386 tu
1060 2335 1107 2387 sis
1125 2331 1204 2388 cont.

166 2412 247 2467 Nori.
273 2413 348 2467 llorl.
361 2414 387 2465 1.
410 2412 499 2466 llovn.
515 2411 539 2465 l.
557 2413 581 2467 1.
606 2414 657 2468 Gu.
670 2416 693 2469 l.
708 2414 732 2469 1.
756 2415 827 2469 vict.
850 2415 901 2485 lig.
916 2416 956 2469 16.
974 2415 1018 2470 81.
1038 2414 1111 2470 lunt.
1129 2414 1203 2471 Cret.

166 2495 238 2550 voco.
256 2494 334 2549 Mon.
352 2494 447 2549 Lomb.
463 2495 562 2550 Peoro.
623 2490 628 2501 ’

255 2578 295 2632 17.
334 2577 454 2647 Caesar]
482 2577 606 2633 Gruom
628 2580 678 2653 Lg.
704 2582 744 2635 16.
767 2581 809 2635 36.
833 2580 874 2635 70.
898 2579 940 2633 73.
962 2579 1021 2644 86.,
1048 2579 1122 2648 quod
1145 2580 1206 2635 sine

165 2679 244 2715 moro
260 2661 422 2732 probarem,
445 2663 468 2714 si
485 2663 565 2717 ootltl.
584 2672 737 2718 ceterorum
756 2664 919 2732 optimorum
936 2663 961 2715 1.
980 2663 1004 2715 4.
1024 2662 1065 2716 13.
1089 2659 1133 2714 lric
1151 2663 1204 2717 lum

164 2746 260 2798 liceret
273 2746 435 2798 auctoritato
453 2747 499 2800 uti.
520 2747 618 2815 Aptius
636 2755 678 2800 est
693 2748 763 2800 enim
775 2747 912 2815 loquentis
930 2760 1009 2814 quum
1024 2745 1205 2814 colloquentis

164 2846 264 2882 nomen
276 2833 489 2883 commemorari.
502 2858 538 2869 —
555 2829 709 2901 vocamus]
721 2835 867 2902 putamus
883 2828 934 2899 ng.
945 2827 987 2881 36.
998 2828 1040 2882 67.
1064 2835 1204 2884 notumne
1323 2874 1328 2881 .

165 2929 261 2981 prov.
279 2911 356 2965 186.
374 2939 409 2953 ·-
432 2911 698 2982 duoiuml'diotum
715 2913 766 2983 Lg.
779 2915 821 2969 11.
839 2913 882 2968 67.
902 2911 954 2966 Gn.
972 2912 997 2966 1.
1014 2940 1049 2953 —-
1069 2912 1203 2985 perlate]

166 2996 226 3048 late
244 2995 294 3064 hg.
313 2995 356 3049 67.
373 3022 409 3036 ·-
433 3002 549 3067 temptes
567 2995 653 3065 quid]
672 3003 788 3067 tompus
805 2997 884 3067 quod
900 2996 951 3067 hg.
969 2995 993 3049 3.
1012 2997 1036 3050 5.
1055 2998 1080 3051 6.
1100 2998 1140 3052 15.
1161 2999 1203 3056 16.

166 3079 207 3131 17.
224 3077 267 3132 16.
285 3078 327 3131 11.
347 3076 389 3130 14.
407 3079 450 3132 33.
468 3080 510 3133 36.
530 3080 572 3133 on.
595 3079 637 3133 76.
655 3079 696 3134 73.
715 3081 757 3134 76.
774 3081 816 3136 81.
835 3082 878 3136 86.
896 3109 932 3120 -
951 3079 1115 3151 commodi]
1134 3098 1203 3135 cort·

164 3161 250 3214 modi
270 3160 321 3231 Lg.
334 3159 380 3214 ’14.
397 3161 440 3214 61.
456 3190 492 3202 -
517 3166 549 3216 in
568 3162 667 3231 aliquo
684 3163 801 3234 penore]
823 3168 854 3218 in
878 3182 930 3219 om.
944 3163 1014 3216 vict
1027 3189 1064 3205 ο-
1085 3166 1203 3236 ineptus

164 3243 290 3313 dicitur]
313 3244 390 3299 Esse
412 3245 515 3298 addunt
536 3246 616 3300 codd.
640 3247 773 3316 plerique.
810 3246 944 3302 Omittunt
964 3245 1015 3316 hg.
1036 3247 1075 3301 14.
1100 3247 1139 3301 to.
1159 3247 1203 3301 13.

163 3326 196 3380 81
215 3327 278 3381 odd.
302 3327 344 3380 84.
364 3327 406 3381 63.
437 3328 489 3381 Gn.
508 3332 530 3383 l.
548 3329 573 3381 1.
595 3329 657 3384 edd.
675 3338 787 3385 reeentt.
806 3357 842 3371 —-
872 3327 995 3398 dicitur]
1018 3329 1133 3384 violetur
1150 3329 1202 3402 Ing.

164 3410 198 3466 76
215 3428 289 3480 supr.
307 3427 359 3465 ser.
377 3428 404 3464 u.
421 3420 439 3466 t.

250 3493 292 3547 18.
328 3493 419 3563 quod]
438 3512 490 3550 om.
509 3494 559 3565 lug.
573 3496 597 3549 6.
613 3495 655 3550 36.
668 3493 710 3549 81.
732 3494 871 3549 (16.1.-
891 3493 1010 3564 Graeci]
1028 3510 1080 3549 ont
1096 3494 1200 3567 1415.

117 3642 122 3646 ,
163 3576 207 3630 13.
227 3605 258 3616 -
282 3576 332 3646 tte]
348 3593 402 3629 roeo
419 3577 490 3630 Viot.
507 3606 543 3625 -r-
570 3578 712 3650 reperies]
733 3582 866 3650 repperio
883 3577 934 3647 Lg.
952 3577 976 3631 3.
1011 3581 1159 3649 repperies
1176 3579 1201 3633 6.

163 3659 256 3712 111·-
287 3659 369 3713 ltaud
386 3659 460 3730 solo]
486 3659 568 3714 haud
585 3665 678 3714 oolam
700 3660 750 3730 Lg.
769 3662 794 3715 3.
813 3661 837 3714 11.
859 3660 898 3714 14.
918 3661 957 3714 15.
980 3661 1020 3714 16.
1040 3660 1202 3716 7111611.

163 3740 206 3796 13.
225 3743 268 3809 14.
286 3742 329 3798 65.
349 3743 390 3797 70.
412 3744 445 3796 73
462 3761 533 3798 oorr.
553 3744 595 3797 84.
613 3743 655 3797 86.
675 3743 732 3797 nrt.
753 3744 811 3798 nrt.
827 3772 863 3786 -
893 3742 945 3812 un]
966 3760 1018 3797 orn.
1037 3743 1086 3814 Lg.
1105 3744 1147 3798 67.
1166 3773 1202 3785 -

163 3824 260 3895 nulla]
278 3828 318 3879 sic
333 3825 390 3882 Erl.
407 3828 430 3880 1.
455 3827 505 3897 Lg.
525 3827 556 3880 15
574 3842 645 3880 corr.
662 3826 704 3879 13.
721 3828 764 3881 67.
781 3828 816 3881 84
834 3844 904 3881 corr.
927 3825 1022 3881 Lanib.
1041 3828 1068 3879 ln
1086 3844 1137 3898 mg.
1157 3828 1200 3882 ed.

164 3923 220 3978 rep.
240 3908 307 3963 Ern.
328 3909 390 3963 Sclr.
409 3908 513 3962 Moell.
526 3910 627 3975 lieno,
649 3910 785 3980 probante
806 3910 907 3964 lluttlr.
930 3911 957 3962 ln
978 3910 1100 3963 Seeuoui
1119 3909 1202 3966 Misc.

165 3991 229 4046 erto.
248 3990 269 4046 l.
294 4009 320 4062 p.
340 3993 399 4048 671.
419 3992 453 4045 cl.
485 3994 621 4047 Hundiuni
644 3994 671 4046 in
694 3992 809 4050 Turseli.
834 3993 855 4047 l.
881 4012 909 4063 p.
930 3992 990 4048 311.
1026 3991 1116 4045 Ceteri
1139 3993 1203 4047 libri

164 4075 259 4142 (etium
278 4075 331 4133 Gu.
346 4075 367 4129 Ι.
383 4076 409 4129 1.
427 4076 512 4145 vict.)
531 4086 558 4130 et
576 4077 638 4132 odd.
655 4077 725 4132 ulla.
742 4105 779 4116 -
805 4091 904 4143 meum,
919 4079 954 4128 ut
971 4073 1018 4128 ult
1035 4073 1142 4145 solent]
1163 4076 1203 4125 uic
