2942 4608
297 276 304 291 “
409 299 469 368 on
497 297 726 369 uarroan
748 300 878 373 *aman
899 300 937 369 n.
956 303 1011 382 ,ra
1128 303 1226 377 m

181 479 278 558 grata
302 470 331 536 si
352 469 483 555 indigna
512 472 540 537 si
561 489 646 538 nova
672 471 701 536 oi
722 489 804 558 quae
825 472 947 538 restitui
969 471 1139 557 amarique
1163 488 1228 538 nor

179 590 302 674 poesit3
336 608 375 654 ex
401 590 442 654 iio
468 597 586 665 autem,
618 588 700 674 apud
725 609 808 675 quoa
835 599 960 674 agetur,
993 598 1025 654 ut
1052 586 1226 655 belaum

180 704 323 791 beneque
355 706 563 772 existimantis
596 703 789 783 eliciamus,
824 706 908 792 quod
939 705 1064 791 agendo
1094 704 1227 773 efficitur
1267 773 1272 780 ,

178 822 290 888 melius
316 841 410 908 quam
435 822 590 907 rogando.
634 819 691 887 Est
717 822 750 888 id
778 822 902 908 quidem
929 824 963 889 iu
989 832 1086 889 totam
1105 822 1225 894 oratio·
1280 840 1285 845 ·

179 959 250 1005 nem
271 939 520 1006 oonlrmdendum
542 958 602 1006 noo
624 941 750 1006 minimo
772 941 805 1006 in
826 949 1015 1018 outremam3
1041 939 1099 1006 sod
1120 948 1225 1011 muron

178 1056 275 1123 multa
298 1058 455 1143 principia
480 1076 520 1122 ex
545 1075 585 1123 eo
609 1076 728 1142 genere
754 1059 932 1142 gignuntur.
984 1057 1058 1124 333.
1086 1053 1168 1125 Nam
1191 1065 1224 1122 et

176 1183 324 1240 attentum
356 1182 481 1240 monent
507 1171 624 1245 Graeci
653 1184 686 1241 ut
715 1176 868 1262 principio
900 1174 1058 1242 iaciamus
1088 1173 1223 1242 iudioorn

174 1299 206 1355 et
234 1288 388 1367 docilom3
421 1309 502 1376 quae
534 1300 607 1357 sunt
631 1290 735 1370 utilia,
767 1292 918 1360 sednon
945 1288 1091 1380 principii
1119 1291 1224 1376 mugit

175 1408 304 1494 propria
344 1426 437 1493 quam
470 1407 660 1494 reliquarum
695 1411 848 1496 partium3
887 1409 1040 1477 faciliora
1074 1411 1096 1489 ¹5
1126 1409 1223 1476 auam

175 1526 209 1590 in
235 1525 419 1611 principiis,
452 1524 536 1610 quod
569 1535 599 1591 et
630 1529 738 1592 attenti
768 1536 832 1593 tum
862 1528 996 1594 maximo
1029 1536 1120 1604 sunt,
1151 1543 1221 1592 oum

176 1644 283 1706 omnia
304 1651 501 1728 exspectant,
523 1651 555 1708 et
577 1640 698 1709 dociles
719 1644 822 1728 magis
845 1645 965 1725 [initiis]
988 1663 1061 1711 osae
1082 1650 1222 1730 poosunt.

175 1755 353 1825 illustriora
384 1760 468 1824 enim
500 1768 590 1837 nunt,
623 1779 705 1845 quaa
737 1762 770 1825 in
800 1761 983 1848 principia,
1016 1778 1109 1846 quum
1140 1774 1223 1844 quaa

64 1966 66 1969 Ι
176 1877 210 1941 in
236 1876 348 1941 mediis
376 1877 482 1942 causis
511 1876 654 1943 dicuntur
686 1887 739 1943 aut
766 1877 927 1963 arguendo
958 1887 1011 1944 aut
1035 1874 1222 1943 refellendo.

174 1991 248 2059 331.
274 1992 417 2060 Maxima
443 2002 545 2060 autem
572 1996 665 2082 copia
691 1995 913 2082 principiorum
931 1995 982 2062 ad
1007 1994 1143 2062 iudicem
1168 2001 1222 2060 aut

174 2110 376 2181 alliciendum
403 2122 456 2178 aut
470 2112 666 2179 *incitandum
694 2132 734 2180 ex
754 2115 796 2180 iia
818 2113 899 2183 loris
920 2111 1074 2192 trahetur,
1103 2112 1157 2201 qui
1178 2111 1221 2179 ad

97 2371 100 2377 >
174 2361 214 2399 ea
237 2346 482 2399 adamar-torum
505 2347 558 2404 Gn.
582 2346 608 2401 3.
632 2376 667 2386 -
698 2346 819 2415 liudem]
844 2348 941 2402 todem
970 2346 1022 2418 bg.
1046 2349 1072 2401 1
1093 2344 1131 2401 86
1147 2333 1219 2399 cor'r.

176 2428 294 2484 atroam
311 2429 358 2481 alii
374 2429 489 2498 aliquot.

106 2502 110 2507 ⁸
261 2512 320 2566 333.
356 2511 502 2581 nefanda]
525 2513 663 2584 vulgatum
682 2512 812 2581 infanda
835 2514 945 2567 correxi
966 2530 1003 2567 ex
1019 2512 1070 2583 hg.
1088 2511 1114 2567 2.
1132 2511 1158 2566 3.
1178 2509 1219 2568 13.

176 2599 217 2654 15.
231 2597 274 2653 33.
289 2595 331 2652 36.
345 2596 387 2652 65.
403 2596 446 2651 63.
466 2596 518 2652 Gn.
530 2597 566 2664 3.,
584 2598 676 2666 itaque
690 2598 743 2652 iarn
756 2597 912 2652 Lamblnus.
937 2596 1096 2671 nephanda
1108 2598 1134 2651 1.
1147 2594 1174 2652 6.
1184 2621 1221 2638 ν-

173 2701 213 2737 err
231 2683 282 2750 tir]
305 2699 343 2736 ea
361 2680 409 2735 Ma
432 2680 488 2752 Lg:
500 2681 543 2737 31.
567 2682 610 2736 36.
628 2681 671 2741 65.
688 2683 731 2738 67.
751 2682 794 2738 ffl.
813 2681 854 2737 76.
877 2683 919 2738 81.
938 2681 982 2738 86.
1008 2681 1060 2736 Ga.
1078 2680 1104 2735 2.
1122 2679 1148 2736 3.
1181 2680 1221 2734 llo

173 2785 227 2823 om.
245 2768 271 2822 6.
287 2795 324 2810 ·-
354 2767 470 2838 operar]
492 2771 594 2839 aptior
617 2767 672 2844 lug.
683 2766 710 2822 6.
728 2796 764 2807 -
793 2766 959 2836 benevolos]
983 2783 1034 2838 per
1056 2782 1072 2819 e
1095 2764 1222 2820 codicum
1256 2816 1261 2823 ,

171 2853 248 2915 aolus
271 2867 394 2906 meorum
416 2853 475 2919 81.,
499 2862 644 2923 praeterea
668 2852 730 2907 eun.
753 2852 852 2924 Steph.
874 2853 945 2907 vica
969 2852 1030 2908 alu.
1054 2850 1124 2907 lunt.
1146 2848 1221 2905 Grae

172 2938 251 2992 Man.
269 2937 364 2992 Lamb.
385 2946 427 2991 est
442 2936 628 2992 recentiorum
645 2938 802 3009 pleraeque.
820 2964 856 2980 ’-
886 2936 1102 3004 existimantis]
1123 2933 1221 3005 acrlpal

173 3041 208 3077 en
226 3023 297 3078 vict.
316 3021 367 3093 ng.
382 3021 408 3076 2.
426 3021 525 3078 1315.
545 3021 586 3078 16.
604 3022 646 3079 31.
663 3022 706 3077 33.
726 3022 767 3078 31.
786 3021 828 3078 36.
847 3023 889 3078 76.
907 3022 948 3078 73.
965 3021 1009 3077 86.
1026 3050 1063 3064 ν-
1087 3018 1221 3090 efficitur

173 3106 291 3175 moliar]
310 3108 366 3162 inv.
386 3105 436 3178 Lg.
455 3106 480 3162 5.
501 3107 542 3162 11.
563 3106 604 3162 15.
625 3106 665 3162 16;
685 3108 734 3162 17..
746 3107 788 3163 36.
807 3107 849 3164 31.
868 3107 910 3162 33.
928 3108 971 3164 31.
987 3107 1030 3162 35.
1048 3105 1092 3161 67.
1110 3104 1156 3161 ua.
1175 3103 1219 3160 76.

173 3192 214 3248 73.
234 3192 276 3246 76.
299 3190 341 3247 86.
357 3190 401 3247 63.
435 3191 483 3262 eff.
508 3191 575 3245 mel.
600 3192 714 3264 apendo
736 3192 788 3247 Gu.
806 3192 832 3248 2.
855 3224 886 3233 —
919 3199 1015 3246 totam
1039 3189 1219 3257 oretanae]

173 3283 239 3330 tota
254 3281 392 3330 oratione
409 3275 459 3347 Lg.
475 3275 519 3332 33.
532 3306 568 3316 -
588 3278 766 3345 eatremam]
784 3283 920 3331 extrema
937 3276 988 3347 Lg.
1002 3277 1027 3331 1.
1044 3305 1081 3316 -
1095 3278 1219 3350 plautu-

173 3363 234 3430 tar]
252 3365 415 3432 planaretur
433 3362 518 3415 minua
537 3371 603 3431 apte
620 3361 671 3431 hg.
689 3361 715 3415 2.
733 3363 758 3415 1.
779 3361 820 3416 13.
838 3361 882 3416 36.
908 3361 960 3415 Gu.
978 3361 1003 3416 3.

257 3445 318 3500 333.
352 3451 383 3498 et
400 3447 559 3513 attentum]
577 3445 911 3517 εἰοιιι.1ις.3.1.6.33.
931 3444 1067 3500 (113.-
1085 3442 1219 3511 monem]
1319 3474 1323 3483 ·

171 3535 357 3584 commonent
375 3529 425 3600 ng.
437 3529 480 3583 81.
494 3530 557 3583 edd.
572 3529 668 3600 Stepln.
685 3529 828 3584 ululant.
842 3529 950 3595 hamb„
967 3529 1052 3583 male:
1069 3528 1092 3582 ri
1110 3527 1218 3596 quidem

172 3630 358 3667 commonere
373 3623 415 3668 est
427 3624 599 3685 praesentem
617 3622 645 3668 et
657 3613 812 3668 audientem
825 3631 945 3669 monere.
959 3643 995 3655 —-
1011 3616 1044 3667 io
1052 3611 1217 3686 prloeIptol

172 3701 205 3751 tn
217 3700 381 3770 prlortpttr
402 3698 457 3768 Lg.
470 3700 495 3754 1.
531 3704 563 3753 tn
579 3702 767 3772 prtnetptam
784 3699 827 3753 36.
863 3699 920 3753 Sed
944 3699 1007 3753 vide
1024 3697 1164 3768 explicata
1181 3720 1218 3737 ··-
1329 3762 1337 3771 ⁸

168 3782 308 3856 propria]
330 3788 451 3854 promta
476 3783 528 3840 Gn.
547 3785 573 3839 3.
589 3811 622 3825 -
655 3790 684 3838 et
707 3784 832 3851 aaron]
856 3790 885 3837 et
908 3801 960 3838 om.
984 3783 1034 3855 Lg.
1053 3783 1079 3838 3.
1098 3782 1123 3838 3.
1143 3782 1168 3835 1.
1187 3779 1214 3835 6.

174 3865 213 3928 13.
237 3865 280 3920 33.
302 3865 362 3929 36.,
387 3850 466 3936 quoi
484 3883 657 3936 nonoequor‚
681 3869 745 3937 quia
767 3874 798 3922 et
818 3871 958 3938 sequentia
980 3866 1110 3923 vocabuli
1131 3880 1216 3919 cauea

170 3953 262 4008 lacere
275 3951 406 4005 excidere
419 3951 514 4021 potuit.
541 3951 668 4007 Ceterum
685 3953 804 4007 adteatl
820 3951 870 4024 Lg.
881 3953 906 4007 5.
917 3953 960 4010 67.
974 3983 1009 3994 -
1026 3951 1101 4018 tam]
1114 3955 1216 4007 tamen

171 4037 223 4092 aa.
243 4024 268 4091 a
286 4065 323 4077 -
349 4036 526 4105 arturo-ara]
545 4036 660 4092 rama.
679 4037 730 4108 ug.
748 4038 791 4092 oo.
808 4037 851 4091 73.
908 4081 910 4085 ,

259 4122 318 4179 331.
356 4125 494 4192 marimo
520 4127 620 4178 autem
646 4126 733 4194 eopia
755 4150 791 4164 ·-
813 4121 960 4188 trahetur]
989 4117 1095 4175 restitui
1118 4113 1217 4168 leniter
