2942 4608
363 330 422 398 DE
451 261 679 397 ORATORli
705 324 976 432 sinuantur.
1091 326 1185 402 Μ
1232 276 1241 291 =

142 522 216 570 nem
238 513 269 568 et
290 501 456 569 scientiam
480 518 551 583 curu
572 497 696 569 dicendi
717 498 839 565 ratione
860 494 1047 580 iungebant:
1074 508 1186 584 postea

143 621 317 707 dissociati,
338 630 372 684 ut
387 619 526 704 exposui,
550 613 720 683 aSocrate
742 615 850 681 diserti
874 615 1022 691 edecus,
1045 625 1075 680 et
1097 614 1186 680 dein-

142 712 217 825 ceps
232 707 459 803 'ava'ocratieis
486 736 559 800 item
586 732 746 811 omnibns3
772 731 949 819 philosophi
976 731 1186 817 eloquentiam

142 856 361 942 despexerunt,
388 835 531 919 oratores
558 852 745 937 sapientiam
765 870 867 936 neque
889 852 1054 935 quicquam
1076 870 1116 915 ex
1138 835 1190 916 al)

142 976 238 1038 terius
259 982 347 1063 parte
369 972 548 1053 tetigerunt,
574 969 637 1033 uisi
655 947 747 1054 ⁸quod
768 967 816 1032 illi
843 966 883 1032 ah
905 966 955 1032 his
983 978 1036 1033 aut
1057 968 1097 1033 ab
1119 969 1187 1035 illis

142 1089 176 1154 hi
198 1097 431 1175 mutuarentur,
463 1106 502 1151 ex
530 1105 591 1171 quo
616 1087 771 1172 promisce
798 1085 970 1160 haurirent,
1004 1088 1033 1151 si
1058 1105 1187 1153 manere

142 1210 177 1273 in
197 1208 331 1293 pristina
352 1206 566 1287 communione
586 1201 769 1268 voluissent.
813 1203 864 1269 73.
881 1200 953 1268 Sed
973 1214 1007 1270 ut
1025 1205 1187 1291 pontifices

142 1334 268 1391 veteres
290 1331 415 1408 propter
435 1318 659 1395 sacrificiorum
680 1320 905 1386 multitudinem
925 1322 983 1386 tris
1003 1323 1090 1387 viros
1113 1341 1188 1408 epu·

144 1441 236 1507 lones
259 1458 332 1504 esse
353 1437 533 1521 voluerunt,
555 1456 625 1502 curn
646 1436 753 1503 essent
773 1440 834 1525 ipsi
856 1458 877 1504 a
897 1436 1013 1516 Numa,
1040 1448 1073 1504 ut
1094 1441 1188 1504 etiam

145 1558 224 1624 illud
250 1556 393 1623 ludorum
419 1553 547 1641 epulare
572 1552 759 1620 sacrificium
786 1556 940 1634 lacerent,
968 1557 1097 1627 instituti
1106 1568 1122 1633 3*
1142 1558 1189 1622 sic

148 1674 305 1741 Socratici
336 1693 424 1755 eje
447 1691 614 1738 causarum
645 1682 769 1738 actores
800 1682 831 1739 et
862 1693 882 1738 a
909 1676 1063 1739 communi
1088 1673 1191 1760 philo·

149 1791 279 1878 sophiae
299 1792 423 1857 nomine
445 1809 481 1855 so
532 1878 533 1881 Ἴ
581 1807 658 1853 eruu
695 1809 779 1883 *curn
799 1800 923 1857 veteres
946 1791 1071 1857 dicendi
1092 1801 1123 1856 et
1143 1793 1193 1856 in-

147 1908 318 1994 tellegendi
339 1798 720 1989 Qffiff‘
729 1927 802 1972 esse
823 1907 1006 1974 voluisseut.

235 2023 310 2090 XX.
343 2024 393 2090 74.
427 2023 516 2103 Quae
543 2043 613 2090 oum
638 2027 684 2089 ita
704 2026 783 2102 sint,
808 2025 967 2111 paululum
989 2026 1132 2112 equidem
1153 2027 1195 2093 de

149 2164 206 2209 me·
225 2142 419 2230 deprecabor
450 2152 482 2208 et
506 2152 610 2238 petam
642 2142 794 2220 evehis,
825 2152 939 2221 ntea,
970 2163 1050 2230 quae
1079 2145 1193 2226 dicam,

149 2281 213 2327 non
235 2260 273 2327 de
296 2269 408 2326 memet
429 2261 513 2345 ipso,
541 2259 598 2324 sed
620 2259 659 2325 dc
682 2269 807 2326 oratore
830 2260 935 2326 dicere
957 2263 1080 2346 putetis.
1123 2259 1193 2346 Ego

153 2476 240 2546 possit
262 2473 437 2546 partitionem
462 2471 574 2527 efficere
599 2474 700 2543 prioris
729 2474 838 2527 diserti
859 2490 879 2526 a
902 2473 1000 2527 doctis
1024 2473 1199 2540 dissociatis

154 2560 271 2629 abrupte
287 2560 369 2629 igitur
388 2567 416 2611 et
432 2558 500 2611 dure
515 2575 550 2609 ea
566 2556 726 2612 inferuntur.
752 2558 872 2610 Senasse
889 2557 978 2610 locum
992 2558 1090 2612 videor
1106 2562 1197 2614 medie
1269 2600 1272 2607 .

131 2679 134 2684 -
155 2643 343 2715 distinguendo
367 2650 431 2695 ante
449 2640 642 2715 philosophi,
666 2650 696 2695 ut
719 2641 755 2695 ab
773 2641 826 2695 hoc
843 2642 981 2696 vocabulo
1002 2645 1138 2697 sententio
1157 2646 1198 2698 iu-

154 2731 239 2818 oiqqiat
263 2745 298 2781 ex
315 2726 452 2798 prioribus
471 2743 657 2796 consequens,
680 2726 789 2780 subluto
807 2735 897 2779 autem
915 2726 1005 2780 medie
1025 2727 1199 2782 distinctione

154 2822 218 2872 aute
234 2820 327 2883 sequte
344 2814 519 2882 quicquam,
545 2827 615 2878 quse
637 2811 677 2865 sic
698 2820 759 2864 cunr
775 2810 1002 2881 praecedentibus
1024 2813 1126 2866 arctius
1142 2814 1200 2866 col-

154 2899 280 2969 ligentur.
318 2896 445 2950 Ceterum
464 2912 612 2950 correxere
629 2895 777 2951 Lambinus
796 2896 824 2949 iu
842 2911 893 2965 mg.
912 2896 956 2950 ed.
974 2914 1034 2966 rep.
1052 2897 1201 2952 dissecta-

156 2987 197 3037 tts
218 3012 250 3023 -
268 2982 405 3043 disertier
429 2979 563 3035 Peercius
586 2980 720 3051 probante
742 2980 808 3035 Eru.
833 2989 861 3035 ct
887 2981 1062 3049 sequentibus
1079 2982 1144 3038 Sch.
1170 2992 1201 3038 et

156 3066 232 3121 Harl.
259 3066 431 3120 dissociatis
443 3066 479 3107 ·-'
497 3066 631 3123 disertis·
638 3072 668 3118 et
685 3064 783 3118 doctis
788 3086 800 3129 ,·
819 3064 927 3119 diserti
944 3083 963 3119 a
982 3066 1079 3119 doctis
1095 3058 1200 3122 temera

140 3151 260 3204 ·delevlt
275 3147 372 3205 Muell.
389 3177 422 3190 -
445 3150 614 3219 quicquum]
632 3150 673 3204 sic
689 3148 740 3220 ug.
758 3158 869 3220 praeter
886 3148 911 3204 5.
926 3149 951 3203 6.
966 3178 1003 3190 —-
1027 3150 1066 3203 eb
1083 3150 1141 3219 bis]
1160 3152 1199 3207 ab
1243 3152 1248 3161 ”

157 3239 197 3291 its
219 3234 270 3307 Lg.
290 3234 315 3289 5.
333 3233 358 3288 6.
377 3234 420 3289 74.
437 3234 480 3289 37.
498 3233 541 3288 69.
559 3234 601 3289 70.
620 3233 661 3289 73.
682 3234 724 3288 76.
749 3250 776 3289 v.
794 3234 830 3287 ed
848 3232 869 3289 l.
890 3233 919 3298 Ι,
937 3235 1015 3288 3.-
1035 3238 1199 3305 promises]

155 3320 252 3391 scripsi
275 3336 312 3374 en
333 3317 383 3389 [ις.
402 3318 419 3372 6
435 3335 505 3373 corr.
524 3317 568 3373 37.
591 3317 625 3373 35
640 3336 711 3374 corr.
730 3318 773 3374 65.
790 3318 834 3374 81.
858 3318 893 3371 st
910 3333 980 3373 corr.
1006 3318 1077 3373 Vict.
1103 3319 1155 3375 Gu.
1174 3321 1199 3377 l.

157 3403 284 3472 ducitque
302 3402 400 3456 eodem
415 3406 566 3475 promisco
584 3404 611 3456 in
629 3402 678 3473 hg.
692 3403 717 3459 6.
743 3402 914 3470 Frequenter
931 3403 1117 3457 correctiones
1134 3406 1202 3459 satis

160 3488 306 3542 ostendunt
323 3487 438 3543 termam
455 3487 573 3541 librariis
591 3496 745 3558 suspectam
762 3489 864 3542 visam:
889 3486 925 3541 de
944 3503 998 3556 quu
1015 3489 1120 3549 consuli
1137 3508 1203 3560 pes·

159 3579 222 3623 sunt
245 3569 330 3624 Gron.
355 3571 390 3624 ad
408 3571 478 3625 Gell.
498 3571 587 3641 praef.
611 3590 638 3642 p.
656 3571 681 3628 3.
712 3572 855 3627 Drukcub.
878 3571 914 3625 sd
931 3570 993 3625 urv.
1013 3570 1058 3627 ΙΙΙ.
1077 3574 1119 3628 47.
1137 3575 1201 3630 coll.

115 3684 118 3690 ·
160 3652 291 3709 Muelleri
308 3655 394 3724 prael.
413 3655 448 3707 ad
462 3655 541 3710 Verr.
554 3654 588 3712 1..
600 3656 632 3711 L.
652 3674 678 3727 p.
690 3654 844 3711 XXXVlll.
862 3655 984 3726 pluribus
1001 3657 1070 3711 locis
1086 3659 1202 3714 reddeu-

161 3738 222 3793 dam
239 3738 417 3808 scriptoribus
434 3749 616 3794 annotaverat
633 3740 741 3796 Rubuk.
761 3741 796 3794 od
813 3740 894 3796 Rutil.
915 3759 942 3812 p.
960 3740 1001 3796 lu.

133 3836 135 3843 ·
247 3821 288 3878 73.
326 3826 381 3876 tris
398 3825 491 3891 utros]
508 3825 603 3894 scripsi
622 3841 656 3878 ex
674 3823 724 3895 bg.
743 3825 786 3880 Sl.
813 3824 865 3881 Gu.
882 3824 907 3881 7.
933 3825 1041 3881 divisim
1057 3834 1203 3896 praeterea

160 3906 213 3978 Lg.
230 3904 291 3961 xil.
316 3906 371 3963 alii.
390 3939 421 3949 -
451 3914 481 3962 ct
500 3910 531 3977 a]
555 3915 585 3961 es
610 3927 662 3964 orn.
683 3909 733 3982 Lg.
751 3910 784 3964 93
802 3910 881 3978 odd,
904 3919 933 3964 ut
953 3910 1084 3965 fecerunt.
1105 3909 1202 3978 steph.

158 3992 230 4047 Vict.
249 3991 310 4049 Ald.
330 3990 398 4047 luut.
430 4010 451 4047 a
468 3992 591 4075 nursing
608 3993 633 4047 3.
650 3993 676 4049 6.
697 3995 736 4051 15.
754 3994 797 4051 37.
815 4024 850 4036 --
879 3992 1083 4066 intellependt]
1107 3993 1203 4061 scripsi

161 4076 263 4148 subg.
283 4077 327 4134 33.
345 4077 388 4132 76.
403 4106 440 4117 -
464 4077 641 4148 sensissent]
662 4082 816 4135 uoluerunt
837 4097 908 4135 corr.
926 4079 1070 4131 sudumst
1091 4075 1141 4144 hg.
1158 4073 1202 4128 67.

245 4162 307 4218 XX.
336 4162 386 4218 74.
416 4161 591 4234 padsluml
614 4164 654 4218 sie
676 4163 726 4235 Lg.
752 4172 864 4236 prneter
880 4162 906 4218 5.
932 4177 1036 4215 omues.
1067 4158 1204 4231 paullum
