2958 4584
256 278 355 369 m'
652 290 914 360 cronnoors

255 465 412 530 silentium
433 472 491 528 est.
534 464 585 530 79.
607 461 729 529 Deinde
751 465 886 549 quinque
908 464 1027 530 iaciunt
1048 463 1140 548 qnasi
1161 460 1303 529 membra

256 583 469 669 eloquentiam
491 585 632 648 invenire
648 583 722 668 qnid
738 584 837 661 dieas,
853 586 979 657 inventa
995 582 1172 667 disponere,
1189 580 1303 647 deindo

256 720 370 768 ornare
391 700 508 778 verbis,
530 710 600 787 post
618 704 789 767 memoriae
811 701 971 778 mandare,
993 711 1056 765 tnm
1076 699 1304 803 adxextremom

257 839 353 904 agere
383 839 421 884 ae
443 821 661 905 pronuntiem
687 839 755 884 rem
782 839 860 884 sane
885 839 949 884 non
975 818 1178 884 reconditam.
1223 815 1303 895 ouis

235 940 339 1003 renim
364 935 427 1003 hoa
452 957 515 1003 non
541 957 601 1003 sua
622 948 731 1024 sponte
753 938 867 1003 viderit
891 939 1046 1003 neminem
1068 957 1162 1023 posse
1186 937 1302 1013 dicere,

255 1057 318 1120 nisi
345 1066 375 1121 et
402 1052 475 1139 quid
502 1055 620 1121 diceret
647 1066 677 1121 et
704 1056 816 1141 quibus
837 1057 943 1122 verbis
971 1065 1002 1122 et
1028 1075 1089 1142 qno
1116 1055 1225 1120 ordine
1253 1054 1302 1119 di.

256 1183 342 1238 cenet
367 1172 499 1238 haberet
530 1184 561 1238 et
587 1193 628 1239 ea
654 1176 871 1240 meminissott
913 1175 1016 1260 Atque
1043 1173 1132 1239 haec.
1152 1192 1213 1257 ego
1237 1191 1303 1237 non

255 1290 464 1377 reprehendo,
497 1291 554 1356 sed
586 1302 657 1357 anto
685 1292 795 1358 oculos
825 1293 930 1378 posita
955 1311 1029 1357 esse
1048 1292 1150 1371 dieo,
1182 1302 1214 1357 nt
1242 1310 1301 1357 ens

255 1410 329 1487 item
357 1418 513 1492 quadum,
546 1411 681 1495 quinque
708 1430 803 1476 sexve
829 1414 946 1497 partis,
976 1410 1029 1476 vel
1060 1412 1154 1475 etiam
1183 1419 1301 1496 septem

344 1660 386 1714 76.
422 1659 539 1728 derude]
563 1662 690 1733 volgotur
713 1662 847 1733 deniqne.
882 1661 1009 1717 iiind‘nb
1029 1661 1227 1716 Henriahsenio
1246 1678 1301 1714 rne-

256 1754 389 1799 morotum
407 1762 442 1799 ex
455 1744 545 1800 Hovn.
558 1746 580 1800 1.
594 1746 620 1800 7.
639 1746 689 1802 Gn.
705 1747 727 1803 1.
739 1749 764 1803 7.
783 1748 844 1802 did.
863 1749 931 1811 lunt.
950 1748 1024 1802 Cret.
1042 1748 1111 1803 vict.
1140 1747 1301 1800 Schuetzio·

256 1847 310 1898 qne
319 1830 465 1897 *ntrovioris
477 1831 537 1884 soni
549 1849 632 1886 eonrso
644 1833 772 1902 placitum
786 1835 910 1904 recipere
923 1850 978 1886 non
992 1833 1131 1898 dubitavi,
1149 1850 1209 1885 num
1220 1831 1302 1885 etiom

256 1933 274 1969 ιι
296 1914 344 1984 Lg.
365 1914 489 1968 omnibus
513 1916 678 1972 exhibentur
702 1927 811 1987 praeter
833 1919 857 1973 5.
879 1919 904 1973 6.
930 1919 972 1973 36.
996 1918 1037 1972 69.
1055 1918 1099 1973 93.
1117 1920 1217 1970 ——ad
1231 1934 1301 1989 pro·

256 2000 406 2065 muntiare]
429 2006 459 2052 et
471 2016 559 2071 pron.
581 2001 632 2071 Lg.
651 2004 675 2057 4.
694 2003 720 2055 5.
738 2003 765 2056 6.
784 2004 826 2058 65.
844 2004 886 2059 67.
906 2003 948 2058 69.
969 2003 1010 2056 73.
1029 2003 1072 2063 81.
1087 2003 1132 2067 86.
1152 2001 1193 2056 93.
1225 2019 1301 2073 pro-

257 2086 396 2136 aaottare
415 2101 465 2152 per
480 2090 493 2137 t
509 2085 634 2139 scribitur
652 2088 680 2140 in
697 2088 776 2155 codd.
795 2088 926 2143 omnibus.
942 2119 972 2129 -
991 2073 1300 2154 rem—reooadttaml

257 2171 408 2238 connitum
429 2168 479 2239 Lg.
501 2170 608 2225 deorr.
629 2174 819 2243 taeoaaitnm.
858 2175 1011 2228 conditam
1034 2173 1074 2226 13.
1097 2173 1132 2226 37
1148 2190 1218 2226 corr.
1255 2177 1300 2226 tn-

257 2252 412 2309 aoadttom
429 2253 470 2306 73.
489 2283 519 2296 -
541 2272 597 2308 saa
614 2259 728 2327 oparata]
748 2258 802 2312 inv.
822 2258 872 2330 ng.
891 2259 916 2315 6.
935 2259 978 2312 74.
998 2290 1029 2300 -
1049 2258 1170 2325 viderit]
1188 2258 1301 2322 videret

256 2336 308 2407 Lg.
321 2336 423 2405 xv1tt,
442 2338 532 2405 (16.7.
554 2341 603 2393 ned
622 2358 675 2395 non
693 2342 718 2395 7.
733 2342 758 2397 3.
777 2345 801 2396 4.
823 2344 862 2398 13.
882 2344 924 2399 37.
941 2344 983 2399 36.
1001 2371 1038 2382 —-
1056 2343 1165 2410 dicere]
1186 2349 1254 2415 apte
1272 2342 1301 2399 d.

256 2422 317 2477 nid.
339 2422 407 2475 lunt.
428 2423 500 2478 Crat.
519 2421 597 2479 Mon.
616 2426 756 2486 Gron.·oi.
781 2428 832 2483 Go.
850 2429 876 2483 7.
912 2435 1016 2500 aperta
1039 2429 1109 2482 Vict.
1135 2428 1185 2485 Gn.
1207 2428 1231 2482 1.
1253 2427 1302 2483 sed

257 2525 310 2562 om.
337 2509 412 2562 molti
435 2509 482 2561 olii
505 2518 533 2562 et
556 2509 605 2582 ng.
632 2528 726 2566 ornnes
746 2523 862 2583 praeter·
878 2514 903 2567 3.
925 2514 966 2567 76.
986 2513 1028 2566 84.
1046 2542 1083 2555 ·-
1109 2520 1199 2583 atque
1216 2512 1300 2580 haee]

256 2591 331 2651 Itane
348 2611 402 2647 om.
420 2593 470 2664 ng.
489 2593 567 2647 7.-
585 2599 691 2667 posita
710 2600 784 2666 enne]
808 2601 863 2657 inv.
883 2598 1033 2669 1134-
1058 2598 1137 2665 dico]
1156 2598 1232 2653 daeo
1250 2597 1300 2667 Ing.

256 2678 357 2733 deorr.
374 2706 410 2718 -
428 2681 512 2746 irena]
530 2697 583 2734 om.
602 2680 653 2751 Lg.
666 2683 690 2738 6.
711 2683 753 2737 13.
775 2714 806 2728 ψ
828 2684 979 2754 quattuor]
997 2683 1072 2737 eolus
1090 2684 1128 2735 sic
1146 2682 1195 2752 Lg.
1209 2683 1251 2736 37.
1265 2711 1301 2725 -

256 2765 354 2830 noane]
372 2781 426 2817 rea
443 2763 492 2835 ng.
508 2766 531 2818 4.
553 2764 593 2818 13.
612 2765 646 2818 37
663 2784 732 2822 corr.
752 2768 794 2822 36.
814 2769 855 2823 76.
876 2770 928 2824 Gn.
943 2769 968 2821 3.
996 2784 1085 2821 nexae
1100 2768 1142 2820 84.
1163 2766 1214 2820 Gn.
1229 2766 1255 2818 7.
1266 2797 1301 2806 -

252 2848 369 2919 partas]
389 2865 441 2904 orn.
461 2849 510 2919 Lg.
530 2851 554 2903 4.
576 2850 615 2904 13.
633 2850 667 2903 37
679 2853 741 2907 odd.
759 2854 801 2908 36,
819 2855 860 2908 76.
881 2855 933 2909 Gu.
950 2853 975 2908 3.
1001 2856 1101 2925 partin
1118 2852 1144 2906 7.
1163 2852 1206 2906 76.
1235 2850 1302 2912 Per·
1353 2865 1361 2876 ·

256 2949 340 2985 verne
360 2933 442 3001 plone
465 2935 534 2989 haee
557 2936 625 2991 Vict.
644 2939 689 3005 ,ito
710 2939 806 2993 hebet:
831 2947 866 2993 at
889 2957 940 2993 aaa
964 2942 1035 2995 item
1057 2943 1177 3009 partem
1200 2938 1303 2990 dicant

256 3024 385 3087 quatuor
409 3025 535 3092 quinque
558 3039 612 3077 nent
634 3024 681 3076 vel
701 3029 793 3098 etiam
817 3032 937 3098 neptem.
958 3052 994 3065 ·-
1023 3024 1207 3095 diamantar]
1232 3022 1302 3076 ditt-

256 3109 366 3174 yaatar
383 3103 434 3177 hg.
451 3105 468 3158 3
486 3123 512 3161 v.
532 3124 558 3159 ιι.
578 3117 595 3161 t.
633 3108 809 3179 eliderentur
827 3111 878 3165 Gn.
899 3111 922 3165 1.
943 3111 989 3178 qni
1007 3118 1035 3162 et
1053 3107 1091 3161 ab
1110 3125 1163 3162 orn.
1182 3138 1218 3149 —-
1242 3106 1301 3173 Iris]

257 3191 297 3241 iio·
319 3188 495 3260 11371176.
521 3192 554 3246 ni.
579 3194 613 3246 od
632 3193 652 3247 1.
673 3194 700 3260 1,
717 3194 742 3249 3.
765 3227 795 3237 -
823 3197 931 3263 omnio]
957 3193 1092 3251 amathar
1116 3192 1167 3264 Lg.
1188 3192 1214 3247 3.
1232 3191 1301 3247 oo

257 3273 299 3327 14.
319 3274 359 3329 lo.
380 3277 420 3331 17.
439 3277 481 3331 76.
499 3277 541 3331 71.
557 3278 599 3333 73.
617 3279 659 3334 74.
678 3280 719 3334 66.
739 3281 782 3335 67.
801 3281 843 3335 oo.
865 3282 906 3337 76.
925 3279 966 3336 73.
984 3281 1026 3333 76.
1044 3279 1087 3334 84.
1105 3278 1148 3333 86.
1211 3297 1215 3303 ’
1292 3322 1295 3329 .

341 3360 384 3416 86.
422 3361 601 3431 benevolum]
626 3363 671 3416 hie
693 3365 783 3420 nullon
806 3383 927 3421 meorum
952 3383 975 3419 e.
998 3394 1033 3403 -
1065 3363 1223 3429 attentam]
1246 3361 1301 3415 ad?

257 3451 370 3498 deatum
393 3445 443 3517 hg.
468 3448 510 3502 67.
534 3449 575 3503 76.
601 3449 634 3502 73
652 3467 722 3503 corr.
745 3481 781 3491 -
812 3457 846 3503 at
867 3452 984 3523 aperta]
1009 3456 1043 3507 ut
1063 3467 1116 3503 om.
1136 3448 1186 3519 11ss-
1209 3445 1248 3502 13.
1267 3475 1300 3487 -
1386 3517 1388 3519 ‚

255 3535 290 3584 ut
309 3529 415 3598 oreon]
437 3539 465 3586 et
485 3532 577 3587 brevio
595 3534 646 3606 Lg.
663 3534 688 3589 7.
702 3536 726 3588 4.
739 3535 765 3589 6.
782 3535 821 3589 13.
837 3536 879 3591 36.
900 3536 975 3604 qnod
992 3533 1153 3605 probarem,
1171 3532 1222 3586 nisi
1238 3540 1303 3589 enta

255 3614 298 3668 bis
319 3620 551 3672 6111616116-
571 3622 755 3692 ¹proponere]
775 3638 912 3692 mamere
935 3638 962 3690 p.
980 3637 1040 3675 var.
1058 3618 1101 3672 37.
1118 3646 1155 3659 ·-
1186 3615 1303 3682 anatra]

256 3688 462 3760 nostrumne.
481 3703 507 3758 3.
522 3735 557 3744 -
583 3704 717 3775 denique]
736 3692 854 3760 dmum
872 3704 922 3776 Lg.
944 3704 984 3759 13.
1005 3736 1036 3746 -
1069 3703 1125 3759 alii
1141 3702 1303 3757 conctusa-

257 3787 335 3854 aem]
356 3789 411 3842 inv.
431 3788 480 3860 bg.
500 3791 524 3844 4.
546 3821 574 3831 -
604 3791 765 3858 collocant]
784 3791 938 3845 conlocant
954 3790 1006 3861 ng.
1025 3788 1068 3842 37.
1086 3788 1128 3844 66.
1147 3787 1188 3842 76.
1208 3784 1249 3840 73.
1267 3795 1306 3825 -’

257 3880 328 3929 ante
344 3877 445 3942 qnam]
466 3876 505 3928 sic
524 3875 629 3929 divisior
647 3875 696 3946 ng.
716 3876 741 3929 7.
760 3874 803 3930 67.
820 3875 863 3929 84.
882 3877 934 3929 Gn.
952 3876 976 3930 3.
1014 3880 1196 3943 anteaquam
1211 3868 1252 3925 73.
1265 3895 1302 3908 ›-

258 3960 387 4013 ornaodi
407 3967 461 4016 ant
483 3960 628 4030 audendi]
652 3960 760 4014 orandi
778 3960 965 4041 anastodeinai
989 3960 1041 4012 Gn.
1060 3957 1139 4011 31-
1168 3953 1302 4026 deyredi]

146 4102 154 4113 .
258 4049 363 4094 mutere
381 4060 436 4097 non
456 4045 547 4099 audeo
567 4044 602 4096 nb
619 4043 670 4112 Lg.
687 4043 712 4097 7.
733 4042 772 4097 13.
788 4042 823 4096 37
840 4045 881 4111 (ie
900 4044 1042 4114 deqqredi
1062 4059 1134 4100 corr.
1152 4057 1178 4098 u.
1197 4039 1238 4104 t).
1258 4036 1303 4091 36.

259 4124 424 4192 exhibitum,
451 4137 479 4182 nt
501 4126 615 4191 dederat
632 4126 901 4199 Lambinumonem
923 4128 987 4184 olinn
1012 4125 1221 4182 nenutun'uoice
1239 4139 1304 4195 pro·
1359 4163 1361 4167 -
