2876 4612
257 322 359 398 m
649 316 907 388 ctcnnottts
1032 370 1038 375 .
1140 386 1148 403 ,

260 491 410 561 intaxat
433 489 532 580 penes
559 494 612 558 snt
635 489 732 579 paulo
751 487 838 578 pins,
864 508 906 556 ns
930 486 1027 576 plane
1054 487 1088 554 in
1106 494 1234 555 reram
1255 497 1321 555 snt

260 609 496 678 sinilltatlinenr
520 627 634 676 renna
664 607 862 685 ineidannst
893 609 915 686 †
940 607 1032 675 Attae
1050 617 1132 698 ,unt
1157 608 1318 689 amatae,

260 729 375 813 potios
406 766 446 778 -
482 724 525 792 Hi
553 736 619 793 tres
650 725 749 813 peries
779 727 815 792 in
842 725 1000 811 principia
1030 723 1318 790 continuandorum

260 842 428 912 verboram
454 845 533 911 sotis
560 842 675 910 iecore
701 841 826 941 eadunt.
869 840 941 907 183
968 839 1124 907 Probatur
1145 851 1248 906 autern
1270 840 1317 909 sis
1418 932 1419 935 Ἴ

263 960 376 1029 soient
404 960 463 1028 illo
494 963 628 1027 maxine
659 979 778 1049 paeon,
808 961 863 1045 qui
894 967 944 1025 est
973 957 1096 1046 rinplsn
1150 955 1231 1023 liano
1259 968 1317 1024 ant

263 1076 405 1163 elonga
430 1056 542 1156 oritur,
569 1098 662 1165 onan
685 1088 752 1145 tres
776 1074 892 1144 breves
918 1084 1142 1152 maeonius,
1170 1086 1205 1141 nt
1231 1075 1316 1142 baec

264 1194 378 1274 verba,
400 1196 531 1263 desinite
551 1199 680 1279 incipite
701 1197 914 1278 coasprimite;
937 1204 991 1260 ant
1012 1212 1033 1259 a
1052 1192 1202 1260 brevibus
1225 1193 1317 1259 dein·

266 1331 342 1401 ceps
373 1313 488 1392 tribus,
518 1324 658 1381 ennena
687 1313 840 1401 pmduota
870 1321 963 1398 atque
992 1310 1108 1396 longa,
1141 1312 1222 1378 sicut
1253 1311 1319 1377 illa

248 1411 352 1509 sunt,
378 1433 566 1498 maetam
586 1433 759 1514 sonipedes.
801 1428 905 1515 Atque
931 1427 981 1494 illi
1001 1427 1189 1516 pbilosopbo
1215 1428 1318 1495 ordiri

267 1547 372 1636 piaco
398 1549 602 1635 asnperiora
627 1567 765 1635 paeone,
789 1550 965 1636 posteriorc
986 1545 1087 1612 inire.
1129 1543 1187 1611 Est
1210 1557 1318 1613 anien

267 1683 372 1755 paeon
391 1664 444 1733 bio
463 1666 621 1753 posterior
639 1685 705 1732 non
725 1664 920 1751 syllabarum
941 1680 1086 1741 nnnsro,
1113 1663 1172 1730 sod
1193 1666 1319 1729 aurion

269 1800 432 1861 nemora,
460 1784 545 1869 qnod
569 1794 619 1851 est
644 1784 750 1851 mnas
775 1782 924 1849 iudiciuin
951 1791 982 1848 ct
1004 1778 1137 1860 certius,
1162 1780 1222 1868 par
1246 1781 1319 1848 tere

270 1902 403 1979 cretico,
425 1903 478 1987 qni
500 1912 549 1968 est
570 1921 610 1968 ex
629 1900 729 1986 longa
750 1908 781 1967 et
800 1899 891 1966 brevi
912 1908 944 1965 et
960 1898 1077 1983 longs3
1102 1908 1135 1963 nt

315 2017 402 2095 Quid
418 2028 526 2100 petam
542 2020 703 2100 prasidi,
727 2019 990 2099 ostensiones?
1012 2034 1117 2100 paors
1133 2035 1217 2081 nans
1243 2065 1251 2081 .
1274 2066 1282 2081 .
1309 2065 1319 2083 .

271 2131 303 2201 Δ
325 2150 386 2221 quo
407 2148 537 2200 nonero
558 2151 690 2202 exorsos
712 2143 761 2201 est
777 2130 934 2201 Fanniusx
957 2133 1010 2210 Si,
1036 2134 1191 2212 Quirites,
1213 2137 1319 2199 minos

272 2348 375 2423 sigium
396 2357 506 2404 secutus
528 2365 602 2418 saon,
628 2358 657 2404 nt
679 2358 770 2405 tamen
793 2349 875 2405 ctiam
897 2350 1062 2406 vocabulum
1083 2350 1190 2422 pedem
1212 2349 1319 2404 uncinis

273 2435 438 2490 clauderem.
480 2434 544 2493 Quo
568 2434 651 2491 mooe
674 2437 746 2492 enim
768 2440 801 2490 ia
824 2433 913 2490 herim
934 2434 1013 2508 pede
1038 2438 1106 2506 qais
1129 2434 1204 2489 daos
1221 2435 1319 2508 pedes

273 2519 488 2593 progredioiori
523 2519 747 2574 snbaootenoum
771 2536 877 2593 qaaere
905 2528 952 2573 sut
977 2535 1107 2573 numero.
1148 2508 1319 2582 Sententiam

273 2605 427 2675 expositam
442 2619 470 2659 v.
487 2603 515 2658 in
531 2604 767 2675 explicationibus.
796 2604 837 2658 Ad
852 2604 995 2676 vulgarem
1011 2602 1173 2675 scripturam
1191 2604 1321 2659 ‹lamnan-

273 2688 336 2744 ‹lnsn
354 2687 421 2744 illotl
438 2688 505 2741 satis
522 2696 578 2755 est,
598 2689 672 2759 quod
688 2688 864 2762 heroaspes
885 2688 999 2758 dactyli
1016 2690 1178 2762 anapaesti
1195 2689 1321 2763 spondei

273 2772 392 2829 absurde
414 2772 520 2827 dicitnr.
556 2770 683 2828 Celerum
708 2773 844 2828 dactilici
866 2773 916 2845 bg.
939 2772 965 2827 3.
988 2774 1012 2829 1.
1040 2773 1079 2830 13.
1105 2773 1148 2830 36.
1185 2774 1322 2828 dactilici

274 2857 327 2913 Gn.
342 2857 368 2914 3.
404 2857 557 2912 dactilici
575 2858 690 2913 (laciali
708 2858 754 2911 aiil
772 2856 966 2928 quidamlibri.
984 2886 1020 2899 ·-
1051 2859 1139 2927 daos]
1156 2859 1262 2912 restitui
1283 2876 1320 2913 ex
1386 2897 1389 2903 ·

273 2941 361 3014 ban.
376 2944 401 2998 1.
415 2941 440 2998 6.
457 2940 497 2995 13.
514 2940 557 2995 31.
573 2941 616 2998 36.
634 2942 677 2998 63.
694 2941 738 2998 81.
755 2943 798 2999 33.
818 2942 871 2997 Gn.
883 2941 909 2996 3.
927 2961 945 2996 a
962 2941 1014 2998 Gn.
1031 2943 1055 2997 l.
1070 2943 1095 2997 3.
1114 2942 1199 2998 abest,
1228 2941 1318 2997 Paulo
1421 2966 1422 2973 ¹

274 3034 340 3081 anta
352 3023 455 3096 epredi
472 3023 524 3076 Gu.
537 3022 563 3079 3.
579 3057 611 3067 -
628 3028 677 3095 tre]
690 3045 744 3081 aec
759 3026 811 3100 bg.
824 3027 850 3082 3.
865 3025 907 3081 13.
921 3025 956 3080 33
968 3044 1037 3082 corr.
1054 3025 1097 3083 35.
1111 3025 1153 3081 36.
1172 3027 1216 3083 65.
1231 3027 1273 3082 81.
1283 3054 1319 3068 -

273 3106 386 3177 ansas]
404 3109 444 3161 sle
461 3107 607 3163 emendavi
624 3111 763 3182 volgatum
779 3129 931 3176 casuum,
950 3113 977 3167 in
996 3129 1052 3182 qno
1068 3112 1191 3183 paritatis
1210 3112 1256 3169 lex
1273 3129 1320 3169 nc·
1420 3136 1422 3157 ι

275 3193 397 3249 cessario
413 3191 547 3261 violatur,
566 3202 676 3249 secutus
693 3193 744 3266 bg.
763 3193 789 3251 3.
807 3197 832 3254 1.
852 3196 893 3252 13.
912 3196 947 3253 33
964 3214 1035 3254 corr.
1053 3195 1096 3253 36.

363 3311 421 3370 tes
442 3312 556 3386 paeon]
570 3330 652 3386 pean
668 3331 691 3371 s.
703 3330 806 3385 passa
819 3314 899 3370 ootltl.
913 3315 1048 3384 plerique.
1061 3345 1093 3359 -·
1113 3313 1318 3381 merceantur}
1337 3290 1348 3309 ⁸

273 3399 372 3470 scripsi
395 3414 431 3452 ex
455 3396 507 3468 lag.v
523 3396 549 3452 3.
570 3397 611 3454 13.
630 3398 671 3454 11.
690 3400 731 3456 15.
755 3399 798 3455 36.
816 3398 859 3456 33.
878 3398 922 3454 36.
940 3399 983 3456 ott.
1002 3398 1044 3456 76.
1067 3399 1110 3455 81.
1127 3397 1171 3453 86.
1197 3400 1269 3454 vat
1287 3429 1318 3442 «-

275 3489 329 3538 atsi
346 3483 378 3550 a]
395 3499 415 3536 a
438 3499 491 3537 om.
509 3480 562 3554 bg.
579 3482 604 3538 3.
623 3482 691 3539 31.
708 3484 735 3539 6.
754 3483 795 3540 13.
819 3483 861 3539 33.
879 3483 923 3539 oi.
948 3482 1061 3549 66.’3.;
1085 3483 1188 3539 excidit
1207 3493 1319 3554 propter
1420 3504 1422 3535 t

274 3582 373 3623 vocem
394 3567 615 3638 praecedentem.
638 3596 675 3611 ·-
703 3570 852 3642 deinceps]
881 3584 935 3624 ont.
958 3567 1010 3640 Lg.
1032 3571 1058 3625 6.
1084 3596 1120 3611 ·-
1149 3567 1319 3643 sonipedes]

275 3652 438 3725 sansspedes
462 3651 571 3722 quidam
593 3654 689 3722 coia,
714 3655 792 3709 velut
809 3653 859 3726 bg.
877 3653 903 3710 3.
920 3653 946 3709 3.
964 3653 989 3707 5.
1013 3652 1056 3707 31.
1074 3652 1118 3708 35.
1137 3653 1181 3709 67.
1208 3654 1261 3710 Ga.
1280 3652 1321 3717 ‘la

274 3738 324 3793 seil
342 3753 412 3792 cors.
432 3738 460 3791 in
478 3738 504 3792 3.
523 3738 548 3792 5.
568 3736 609 3794 31.
626 3767 662 3780 —-
690 3739 853 3813 superiore]
872 3741 1023 3811 superiori
1037 3736 1133 3809 lagei.
1152 3737 1192 3793 15.
1214 3737 1258 3793 31.
1277 3737 1318 3793 36.

274 3821 345 3881 Post
361 3820 415 3876 lroc
432 3827 462 3874 ai
480 3820 590 3876 additur
606 3824 635 3879 in
651 3823 703 3880 Gn.
722 3824 746 3879 1.
762 3853 800 3865 ›-
819 3823 880 3891 titt]
898 3840 951 3879 om.
972 3822 1024 3878 Gn.
1042 3822 1067 3876 3.
1084 3851 1121 3863 -
1144 3828 1190 3876 est
1208 3821 1320 3890 eutem]

274 3906 324 3963 Isis
341 3911 442 3961 assiam
457 3904 507 3976 Lg.
521 3906 546 3961 5.
565 3923 626 3961 carn
642 3907 694 3962 Vll
706 3909 767 3964 aliia
785 3908 968 3974 deteriorum
985 3909 1032 3962 alii
1051 3907 1160 3975 quidam
1177 3911 1213 3962 is.
1232 3917 1261 3962 et
1277 3913 1321 3962 esi

275 3995 303 4048 is
316 3990 393 4059 (81).
410 4020 441 4032 -
459 3990 613 4061 praesidi]
630 3992 671 4046 sie
686 3992 736 4063 143.
751 3993 776 4048 3.
792 3994 818 4049 3.
837 3993 877 4050 13.
895 3992 938 4048 35.
956 3992 1000 4048 36.
1019 3992 1062 4048 bt.
1080 3991 1116 4047 63
1129 4009 1202 4046 corr.
1219 3992 1262 4048 81.
1278 3992 1319 4051 33.

276 4074 339 4128 edil.
359 4072 493 4141 quaedam
511 4081 579 4127 vett
597 4099 635 4117 -η
663 4075 808 4146 Fannius]
833 4077 950 4134 Ennius
972 4092 1073 4132 nomen
1095 4075 1213 4131 librariis
1231 4078 1321 4132 notius

275 4155 425 4226 plerosque
441 4154 526 4209 iibros
544 4154 612 4239 (bg.
630 4166 706 4215 serta
723 4159 793 4228 XX,
817 4160 869 4219 Gn.
888 4162 912 4219 l.
931 4161 958 4218 3.
981 4161 1068 4231 Vici.)
1086 4162 1249 4234 occupovltt
1272 4178 1321 4218 sec
