2980 4602
408 311 467 377 DE
496 310 723 379 0114101111
751 310 875 379 LIBER
897 311 919 379 1.
942 313 994 380 58.
1131 316 1218 391 m

174 482 263 555 viros
284 481 386 548 bonon
407 481 474 547 iure
501 479 587 547 civili
613 479 680 546 ieri
701 490 806 566 pnes,
833 482 909 566 quio
928 479 1108 566 legtboset
1126 501 1218 568 prse-

174 601 241 663 mia
260 599 421 684 proposito
447 599 508 662 sint
528 597 693 662 virtutibus
718 607 749 662 et
770 597 924 683 supplicia
943 599 1044 665 vitiis:
1073 599 1217 684 equiden

166 714 320 800 ,putabam
335 717 477 781 virtutem
493 712 680 791 hominibus,
703 716 732 779 si
755 713 847 780 modo
868 714 951 781 tradi
972 717 1216 802 rationepossit,

172 824 361 898 instituendo
383 842 414 897 et
430 830 658 917 persuadendo,
679 837 744 898 non
761 833 854 897 minis
877 841 908 897 et
923 833 956 899 vi
978 851 1016 898 ac
1030 842 1112 898 neto
1124 833 1216 899 tradi.

171 945 253 1013 Nan
274 950 374 1035 ipsum
391 948 515 1035 qrridern
535 947 726 1027 illudetienr
749 950 818 1035 sine
835 950 1013 1033 cognitione
1031 950 1109 1033 luris
1124 927 1217 1037 quern

170 1066 212 1161 sit
236 1065 355 1131 bellurn
381 1084 494 1133 cerere
521 1064 636 1131 nolum
657 1067 740 1131 scire
757 1077 938 1152 possumus.
989 1063 1062 1132 548.
1090 1063 1138 1132 De
1165 1086 1215 1133 ine

171 1193 276 1248 antem
298 1185 377 1269 ipso.
400 1183 451 1248 cui
472 1184 527 1246 uni
547 1191 588 1247 ιιι·
602 1183 759 1260 concedis,
781 1193 814 1248 ut
834 1185 904 1249 sine
925 1181 993 1248 nlla
1013 1184 1091 1249 ioris
1113 1185 1217 1249 relen-

23 1282 28 1299 ’
60 1364 64 1378 Ι
163 1301 218 1387 tia
247 1309 351 1365 tamen
385 1300 492 1366 causis
519 1299 704 1366 satisfacere
732 1301 865 1385 possim,
896 1298 954 1383 tibi
980 1298 1055 1377 hoc,
1089 1297 1216 1377 Crasse.

99 1499 103 1503 ,
169 1416 347 1502 respondeo
373 1435 475 1501 neque
502 1435 550 1481 me
578 1435 713 1501 unquam
741 1417 791 1481 ius
818 1410 910 1482 civile
938 1417 1089 1484 didicisse
1115 1435 1217 1504 neque
1273 1428 1276 1433 ’

168 1544 276 1598 tannen
297 1535 331 1598 in
352 1534 393 1598 iis
415 1535 537 1609 causis,
564 1552 644 1618 ques
657 1535 700 1597 vin
720 1533 787 1596 iure
803 1551 934 1618 ¹possem
954 1533 1137 1611 defendere,
1159 1550 1217 1598 un·-

170 1670 267 1734 quarn
289 1653 382 1715 istam
404 1644 568 1719 scientiam
590 1648 802 1721 desiderasse.
845 1647 942 1714 Alind
967 1660 1016 1715 est
1040 1651 1123 1715 enirn
1144 1668 1216 1716 esse

171 1764 325 1831 artificem
347 1765 509 1832 cuiusdam
529 1768 658 1850 generis
681 1774 772 1848 atque
795 1765 882 1840 artie,
905 1764 991 1830 aliud
1011 1767 1044 1829 in
1065 1767 1218 1831 communi

168 1884 237 1948 vito
263 1892 295 1948 et
320 1881 445 1966 vulgari
470 1881 629 1948 hominnm
656 1880 880 1948 consuetudine
905 1900 965 1947 nec
990 1880 1133 1947 hebetem
1148 1900 1218 1948 vnec

169 1999 287 2067 roden.
330 1997 406 2064 249.
436 1997 495 2064 Cui
516 2009 655 2065 nostrum
676 2017 759 2063 nunc
778 1997 853 2063 licet
878 1996 991 2067 londos
1012 2008 1137 2066 nostroe
1160 1997 1217 2066 ob-

124 2116 128 2123 ’
170 2118 216 2183 ire
245 2126 298 2183 out
323 2136 378 2185 ree
403 2119 540 2182 rusticas
566 2114 619 2183 vel
646 2115 763 2181 fructus
795 2133 895 2181 censa
919 2115 969 2181 vel
998 2114 1216 2183 delectationis

44 2275 47 2282 -
113 2218 119 2224 ³
171 2236 329 2300 inviseret
373 2232 496 2299 Tamen
516 2251 609 2298 nemo
630 2243 694 2298 tani
716 2234 784 2298 sine
806 2232 917 2310 oculis,
938 2243 1002 2299 tem
1015 2235 1092 2323 sine
1114 2241 1216 2300 mento

171 2353 262 2426 vivit,
287 2350 415 2434 utquid
444 2354 485 2416 sit
506 2351 655 2415 sementis
678 2369 716 2417 ac
739 2352 867 2426 messis,
896 2350 971 2434 quid
993 2348 1139 2417 arborum
1159 2367 1217 2434 pu·

174 2467 252 2531 tatio
276 2467 443 2542 novitium,
467 2484 526 2550 quo
546 2476 684 2553 ternpore
708 2469 782 2532 enni
805 2475 858 2532 out
878 2485 939 2550 quo
961 2465 1053 2531 modo
1076 2483 1117 2529 ea
1130 2462 1215 2541 fiant,
1317 2474 1320 2481 “

172 2696 214 2751 81.
238 2695 281 2752 84,
305 2694 349 2750 86.
373 2695 423 2764 95)
447 2707 536 2754 ortum
560 2715 595 2753 ex
619 2694 782 2768 compendio
804 2714 900 2751 nrum
935 2710 1067 2753 meorum
1088 2693 1158 2749 vin.
1183 2718 1218 2734 -·

170 2783 264 2852 ipsos]
289 2785 359 2853 ipsa
382 2781 432 2853 lag.
451 2783 475 2840 3.
498 2783 524 2856 5.
547 2782 573 2839 6
600 2783 639 2840 14.
666 2783 707 2839 15.
727 2781 766 2837 16.
786 2782 826 2838 17.
846 2780 948 2838 51155.
971 2780 1100 2860 546οπ
1112 2778 1155 2834 55.
1173 2775 1216 2833 67.

170 2865 271 2921 6970.
291 2865 333 2921 75,
352 2865 393 2922 76,
412 2867 454 2922 84.
472 2850 516 2922 95.
541 2854 613 2922 vici.
639 2867 691 2944 Gn.
715 2867 738 2923 l.
758 2868 841 2923 5.-
875 2866 956 2937 quod
974 2865 1054 2932 vero]
1080 2866 1217 2934 quivero

170 2949 289 3004 11166-
302 2950 754 3041 Ῑινοιιοιιιαῃιοιίια136-
771 2939 843 3020 nint]
860 2946 1106 3021 66611665-
1122 2951 1153 3003 oi
1168 2946 1217 3016 acl

171 3050 224 3088 orn.
243 3033 293 3106 Lg
312 3034 407 3089 67.’-
437 3034 528 3103 alud]
550 3035 821 3126 1616616365-
851 3033 1218 3108 eoqntttomterthero

170 3121 297 3173 scientia
316 3118 394 3191 ng.
386 3118 413 3176 6.

175 3258 179 3265 ,
256 3201 315 3260 548.
353 3185 490 3271 senilem
509 3182 561 3276 Gn.
578 3204 938 3282 12--posetm1posmn
953 3203 1004 3275 [ις.
1023 3202 1049 3259 5,
1067 3200 1092 3256 5.
1113 3199 1154 3256 16.
1174 3199 1215 3255 17.

170 3285 212 3362 56.
235 3286 278 3341 51.
293 3286 336 3342 nt.
355 3287 397 3342 35.
416 3288 460 3342 65.
473 3287 514 3342 70.
530 3288 572 3344 75.
591 3287 633 3342 81.
647 3288 690 3355 84.
710 3289 780 3346 Vict.
801 3289 853 3344 Gn.
871 3288 982 3344 l..-9
1002 3287 1102 3353 cotes]
1123 3281 1219 3338 tobis

170 3371 222 3442 [ις.
239 3371 281 3425 65.
301 3372 343 3427 67.
363 3371 405 3428 69.
426 3371 467 3427 70.
483 3371 524 3427 75.
542 3372 584 3427 76.
604 3373 646 3429 84.
665 3374 708 3445 86.
726 3373 768 3430 95,
781 3369 845 3431 Gu
864 3373 939 3427 5.
956 3371 1219 3444 possempossim
1309 3404 1313 3417 .

169 3453 220 3526 bg
239 3456 282 3511 69.
301 3455 345 3512 95.
360 3463 482 3529 poscet
498 3454 530 3511 81
551 3473 677 3521 corr.-
705 3459 870 3532 commoni]
895 3459 1032 3510 coomrcot
1050 3453 1100 3525 bg.
1119 3452 1162 3508 69,
1181 3476 1219 3494 ·-·
1307 3458 1311 3473 *

169 3555 223 3593 nee
242 3524 384 3608 hebetent]
404 3556 462 3595 oon
479 3508 723 3613 666151617.
742 3541 785 3596 59.
803 3541 846 3597 51.
866 3541 908 3596 54.
928 3540 969 3595 55.
989 3539 1032 3595 65.
1051 3538 1094 3594 70.
1114 3537 1155 3593 75.
1173 3535 1218 3594 81.

169 3624 212 3683 84.
231 3625 273 3680 et.
299 3624 371 3680 Vlct.
395 3624 447 3679 Gn.
468 3624 491 3679 1.
510 3626 560 3695 (is
568 3624 778 3694 babentem)9.
815 3625 876 3680 Hoc
895 3641 952 3681 non
972 3623 1122 3681 dubitarem
1139 3638 1219 3692 pree·

170 3707 244 3770 ferre
261 3708 289 3762 ln
307 3709 363 3764 olio
380 3709 504 3762 codicum
522 3710 693 3782 condicione.
819 3776 821 3782 Ι

257 3793 318 3850 549.
354 3809 432 3847 nono
451 3793 535 3861 lieet]
558 3793 620 3848 librl
643 3780 738 3849 onmes
759 3808 825 3846 ooo.
848 3791 971 3861 Recepi
995 3788 1133 3844 Sebnetnil
1155 3803 1219 3841 con·

169 3878 313 3943 ioannem,
328 3877 363 3931 ab
374 3877 572 3932 Henricbsenio
583 3877 760 3949 probabiliter
771 3876 922 3941 defensam,
933 3874 1094 3944 facilemque
1106 3879 1220 3953 propter

171 3961 271 4016 crebro
289 3960 461 4016 coniuenon
478 3978 535 4016 ooo
552 3979 604 4016 om
621 3971 650 4016 et
668 3978 721 4025 on,
739 3971 769 4015 ut
786 3960 873 4015 estin
890 3975 967 4013 nunc
984 3975 1056 4014 num
1074 3973 1133 4011 oon
1151 3961 1221 4009 tuoe

173 4051 241 4101 tum
254 4048 447 4118 percunctari
461 4050 635 4119 percontari
647 4049 827 4119 percontari.
863 4043 907 4097 lde
923 4042 1125 4097 confunduntur
1142 4047 1171 4094 et
1184 4037 1220 4093 11.

172 4129 223 4195 31,
242 4129 301 4189 134.
327 4131 371 4198 57,
391 4130 448 4186 154.
467 4159 502 4171 -
529 4132 642 4197 cloud]
667 4131 757 4184 otiose
775 4126 870 4183 sicubi
888 4123 1008 4180 ofellius
1027 4121 1149 4181 conticit,
1173 4120 1222 4173 ned
