2958 4584
375 351 436 418 uu
463 318 694 420 1ιιιιιιοιιι
721 350 846 420 nunu
867 350 906 422 ιι.
929 355 980 422 ιι.
1073 369 1082 378 ·
1110 355 1226 465 nau

169 543 242 594 esse
267 531 360 588 -ut
385 522 418 587 in
439 523 573 609 pictura,
601 522 654 608 qui
675 520 810 588 bominis
833 524 969 610 speciem
990 525 1120 611 pingere
1141 545 1214 613 per·
1316 581 1321 591 ,

169 642 320 717 didicerit,
341 659 436 726 posse
459 659 528 704 eum
547 641 686 706 cuiusuis
702 640 755 706 uel
768 632 889 706 formae
903 641 955 706 vei
972 644 1095 721 aetatis,
1117 642 1224 710 etiam

170 734 196 825 si
217 778 280 824 non
301 758 457 834 didicerit,
483 759 613 843 pingere
636 776 737 855 neque
761 778 834 824 esse
857 758 1042 845 periculum,
1068 763 1122 847 qui
1141 759 1212 828 leo·

168 898 237 942 nem
265 886 318 941 aut
338 887 460 942 taurum
479 876 588 962 pingat
610 877 754 960 egregie,
781 896 821 941 ne
849 875 930 941 idem
954 879 987 957 in
1007 877 1112 943 multis
1138 877 1213 945 aiiin

163 993 412 1080 quadrupedibus
440 992 547 1058 iacere
578 1012 641 1058 non
662 993 779 1078 possit3
805 1013 907 1080 neque
934 1004 983 1059 est
1008 996 1133 1061 omnino
1156 1007 1220 1062 ars

159 1111 240 1189 ulia,
263 1115 297 1176 in
319 1113 522 1198 quaomnia,
545 1129 625 1196 quae
647 1110 706 1175 ille
727 1120 794 1176 arte
820 1109 903 1177 citici
925 1121 1070 1198 possunt,
1092 1132 1113 1179 a
1134 1113 1210 1180 doc·

161 1241 230 1294 tore
266 1228 447 1305 tradantur,
477 1226 536 1307 sed
569 1230 621 1314 qui
653 1230 821 1315 primarum
853 1238 883 1294 et
915 1226 1068 1299 certarun'n
1106 1248 1211 1297 rerum

153 1366 282 1432 genera
313 1347 385 1432 ipsa
411 1345 598 1422 didicerunt,
631 1345 756 1430 reliqua
786 1364 849 1411 non
879 1347 1073 1414 incommode
1100 1368 1210 1441 perse·

162 1463 333 1550 quuntur3)
352 1484 406 1527 -:
447 1461 498 1526 70.
526 1462 670 1525 similiter
692 1462 828 1529 arbitror
852 1465 886 1527 in
909 1463 971 1530 hac
997 1468 1064 1532 sive
1086 1468 1208 1532 ratione

159 1584 228 1648 sive
257 1580 482 1646 exercitatione
510 1576 635 1643 dicendi
661 1579 715 1663 qui
741 1575 831 1643 illam
850 1558 912 1643 uim
940 1581 1068 1666 adeptus
1095 1587 1149 1663 sit,
1176 1592 1209 1651 ut

158 1718 269 1764 eorum
289 1706 419 1774 mentes,
442 1698 495 1782 qui
518 1705 571 1760 aut
592 1694 630 1760 de
652 1714 687 1760 re
708 1692 911 1781 publicabat
932 1695 971 1759 de
993 1697 1091 1781 ipsius
1113 1700 1208 1765 rebus

160 1816 214 1881 aut
236 1814 275 1879 de
298 1815 348 1891 iis,
371 1824 480 1880 contra
498 1833 581 1900 quos
604 1823 657 1896 aut
676 1832 733 1900 pro
757 1811 869 1898 quibus
892 1812 986 1890 dicat,
1008 1833 1076 1878 cum
1100 1813 1209 1901 aliqua

158 1931 316 1999 statuendi
346 1941 498 2019 potestate
526 1931 672 2009 audiant,
707 1931 748 1996 ad
774 1950 863 1996 suum
890 1930 1052 1997 arbitrium
1080 1952 1206 2001 movere

159 2167 213 2221 ope
225 2150 367 2220 scripsisse
384 2149 495 2203 sedicit
507 2153 611 2222 potest
621 2176 657 2189 —
667 2164 759 2217 acque
776 2153 832 2212 est,
848 2148 983 2220 ingenium
1002 2166 1053 2219 pro
1065 2150 1207 2205 codicibus

157 2236 319 2289 venditavit.
355 2234 432 2288 Haec
449 2219 496 2305 qui
511 2234 593 2306 legit,
618 2233 673 2287 iant
694 2222 858 2288 existimabit
880 2233 916 2286 de
931 2222 1031 2305 ineptis
1050 2231 1205 2306 φιλοσοφή-

157 2336 230 2390 μιισι
252 2321 350 2388 nuperi
373 2320 526 2388 vulgatae,
553 2335 632 2388 quum
656 2318 709 2395 sibi
731 2315 827 2385 fluxit,
852 2322 1019 2390 scripturae
1042 2319 1205 2377 defensoris.

157 2405 204 2458 De
216 2403 352 2456 sententie
365 2413 394 2456 et
406 2402 499 2457 verbis
513 2403 671 2457 ordinandis
686 2402 751 2457 vide
765 2403 970 2473 explicationes.
986 2432 1017 2443 -
1037 2407 1068 2456 tu
1079 2406 1205 2475 pictura
1274 2392 1278 2396 ¹

159 2488 229 2558 qui]
253 2492 305 2557 qui
321 2491 353 2540 tu
368 2492 488 2560 pictura
505 2487 557 2541 Gn.
575 2487 599 2541 3.
619 2519 650 2529 -·
683 2486 812 2540 bominis
830 2487 968 2558 meatem]
990 2484 1143 2540 bominum
1159 2505 1202 2560 sp.

157 2572 210 2643 Lg.
230 2572 254 2626 2.
274 2574 298 2628 4.
321 2572 361 2627 13.
387 2572 421 2625 32
438 2590 508 2626 corr.
531 2571 573 2627 36.
591 2602 626 2612 -
651 2571 1041 2645 perdidicerit—pingere]
1062 2570 1132 2625 haec
1150 2590 1213 2629 our.-

158 2657 212 2711 Gu.
226 2657 250 2710 2.
266 2689 297 2698 -
312 2662 410 2711 'ettam
427 2659 465 2725 sl]
484 2659 524 2711 sic
540 2658 648 2711 divisim
667 2656 718 2728 Lg.
732 2657 757 2711 2.
774 2656 816 2711 66.
835 2656 875 2709 76.
889 2654 933 2710 81.
952 2655 995 2708 84.
1011 2655 1053 2710 63.
1088 2661 1117 2709 et
1134 2661 1164 2710 si
1178 2657 1204 2716 3.

156 2743 182 2796 5.
205 2742 229 2797 6.
258 2741 297 2796 13.
324 2742 363 2796 14.
390 2741 431 2796 15.
456 2742 496 2797 16.
523 2742 561 2797 17.
588 2740 630 2797 26.
656 2742 698 2797 21.
723 2741 763 2797 23.
783 2739 824 2796 24.
848 2739 890 2794 67.
912 2739 954 2794 76.
974 2739 1014 2796 73.
1039 2740 1081 2796 86.
1107 2740 1211 2800 inumb«

158 2832 216 2882 etsi
231 2827 274 2882 65.
297 2826 349 2881 Gn.
365 2826 390 2883 3.
421 2834 451 2880 et
468 2828 493 2882 4.
512 2826 546 2880 32
562 2843 633 2881 corr.
654 2836 684 2882 ut
700 2826 725 2882 3.
743 2858 778 2867 -
799 2827 922 2899 pingat]
938 2830 1042 2898 pinpit
1055 2825 1109 2897 Lg.
1128 2829 1154 2882 4.
1170 2857 1217 2893 ··a

157 2913 259 2983 tthtte]
283 2917 363 2966 enim
384 2912 488 2967 addunt
510 2911 606 2966 Meud.
631 2911 682 2966 Gn.
702 2911 725 2967 l.
745 2912 770 2967 2.
794 2910 890 2982 steph.
913 2910 1006 2966 Lumb.
1030 2910 1129 2967 Peene.
1151 2910 1211 2970 0r.·

158 2997 244 3052 lleur.
269 2998 326 3051 Sed
342 2997 434 3052 sensui
450 3006 541 3064 nocet,
559 2997 632 3065 quood
652 2997 736 3051 etium
747 2997 854 3051 Bakius
867 2995 943 3052 vidit.
954 3024 989 3045 -ν
1011 3003 1056 3050 ont
1072 2998 1204 3066 maino]

43 3113 46 3121 ·
156 3082 213 3135 inv.
232 3081 281 3152 bg.
295 3083 320 3136 4.
333 3082 373 3139 76.
389 3112 425 3121 -
436 3082 576 3154 postcunt]
590 3086 713 3154 possint
730 3081 779 3153 bg.
791 3081 816 3137 3.
834 3081 859 3136 5.
877 3081 902 3136 6.
920 3080 960 3136 13,
979 3080 1020 3136 17.
1039 3080 1081 3135 al.
1098 3081 1203 3137 3536.
1252 3118 1255 3119 ⁷

155 3166 199 3220 65.
225 3166 266 3221 67.
291 3166 333 3223 66.
360 3167 401 3221 76.
427 3165 468 3221 73.
494 3166 535 3221 76.
559 3166 602 3221 84.
625 3166 668 3221 63.
693 3168 731 3220 itu
754 3183 824 3221 corr.
852 3166 891 3220 16.
915 3165 957 3220 81.
975 3194 1011 3206 —-
1041 3167 1203 3234 certarum]

157 3257 323 3305 ceterorum
346 3251 397 3322 ng.
420 3250 525 3305 3corr.
554 3253 578 3306 4.
603 3252 712 3307 5corr.
731 3269 756 3305 u.
776 3260 794 3305 t.
822 3250 862 3306 14.
887 3250 927 3304 15,
955 3249 986 3301 17
1002 3267 1072 3305 corr.
1096 3250 1138 3306 32,
1158 3251 1209 3308 67.

158 3334 199 3391 73.
218 3336 261 3390 86.
293 3342 365 3391 coet.
386 3336 426 3392 13.
445 3337 481 3391 26
497 3353 569 3390 corr.
598 3341 671 3390 caet.
691 3335 733 3391 36,
752 3334 794 3390 66.
811 3334 854 3388 84.
871 3366 904 3374 -
928 3351 986 3387 nou
1004 3336 1202 3405 incommode]
1263 3366 1268 3371 ·

157 3438 210 3475 om.
229 3420 319 3475 Havu.
338 3421 363 3475 2.
390 3422 421 3476 Ζ.
438 3423 465 3476 6.
479 3440 501 3476 s.
525 3420 577 3475 Gu.
596 3421 621 3478 2.
640 3420 665 3476 3.
690 3420 739 3490 Lg.
765 3428 877 3489 praeter
898 3419 923 3472 2.
949 3421 973 3473 4,
997 3420 1021 3473 5,
1048 3419 1072 3474 6,
1096 3419 1139 3476 35.
1157 3420 1200 3476 36.

157 3505 241 3563 Quod
262 3506 345 3577 vulgo
364 3505 545 3577 praemittitur
559 3523 618 3578 per
633 3525 675 3570 se,
695 3507 723 3559 iu
740 3503 819 3559 Man.
837 3503 932 3574 steph.
952 3503 1047 3558 Laurb.
1067 3505 1130 3560 Scit.
1150 3502 1202 3562 Or.

154 3589 239 3644 fleur.
265 3589 379 3661 iegitur,
408 3591 458 3644 sed
481 3582 606 3644 codicum
634 3588 719 3644 iidem
743 3589 844 3642 nuliam
868 3587 951 3660 habet
976 3605 1027 3642 nec
1046 3590 1202 3643 sententiae

155 3674 338 3728 necessarium
353 3683 409 3741 est,
421 3662 459 3728 ¹ut
477 3684 555 3746 putat
571 3674 656 3728 fleur.
680 3673 793 3728 Exclusi
811 3674 899 3745 igitur.
916 3697 954 3713 —-
977 3675 1201 3745 persequuntur]

153 3766 348 3830 persecuntur
367 3759 419 3815 Gn
441 3760 465 3814 1.
482 3762 594 3833 p(cum
610 3759 721 3828 lacuna)
741 3759 792 3813 Gn.
811 3756 836 3814 3.
865 3756 948 3815 Quod
966 3757 1002 3810 de
1019 3756 1099 3812 huius
1115 3759 1201 3868 scrip·

26 3880 27 3891 .
114 3857 127 3869 ’
153 3851 215 3897 ture
233 3844 298 3897 dicit
315 3843 417 3911 Herm,
437 3853 519 3898 errat.

156 3979 158 3982 .
245 3928 287 3984 76.
323 3930 453 3996 ratione]
477 3930 613 3982 oratioue
632 3926 682 4000 Lg.
700 3928 805 3984 iicorr.
825 3927 859 3983 35
877 3945 946 3983 corr.
965 3926 1008 3982 67.
1026 3926 1068 3981 66.
1095 3925 1147 3982 Gu.
1165 3926 1201 3993 3.,

155 4012 200 4082 qui
218 4015 295 4093 prius
315 4017 379 4066 siue
396 4030 449 4068 orn.
469 4012 613 4082 utrobique
633 4017 697 4066 stae
715 4013 849 4084 1192-
870 4017 912 4066 sit
928 4012 1066 4082 adeptus]
1086 4014 1128 4062 stt
1146 4027 1200 4065 om.

152 4094 243 4181 laga.
270 4105 316 4152 est
332 4096 429 4151 84
392 4094 555 4169 -tpstuq
575 4100 649 4169 ipsis
667 4095 754 4166 Lg..2
774 4097 799 4150 5.
815 4096 895 4152 614,
916 4094 956 4148 15.
974 4093 1017 4143 35.
1036 4090 1139 4143 6567.
1158 4090 1207 4165 66.

152 4168 379 4282 76737681.
399 4180 443 4238 86.
468 4180 615 4236 Gna
641 4179 747 4247 detis]
767 4171 1023 4232 6616661623.
1045 4168 1138 4236 iugc.
1160 4162 1216 4244 13.Ι

948 4268 990 4331 15
