2938 4590
252 238 353 339 aas
628 263 885 333 cinnanum
984 304 989 323 .

250 432 393 500 velerum
414 442 446 498 et
466 442 639 499 ceterorum
660 432 822 500 beatorum
841 435 905 500 otio
925 436 1145 503 concedamus.
1176 438 1295 507 Anteio
1343 405 1347 409 ⁴
1457 438 1458 521 j

137 550 139 555 ’
250 549 303 616 bic
319 548 455 637 Crassus
469 550 584 616 leniter
599 560 640 629 ct,
661 550 792 618 Periere
807 552 909 629 modo,
932 554 1039 643 inquit,
1061 552 1190 632 Antoni,
1212 557 1297 642 qnod
1457 524 1458 533 ἵ

250 686 383 735 exorsus
413 687 459 733 es.
512 666 578 733 Me
600 678 705 735 tamen
734 670 797 734 ista
828 672 967 736 oscitans
999 673 1170 756 sapientia,
1203 674 1296 741 simul

254 794 346 874 atque
369 785 411 849 ed
432 804 504 850 cam
525 786 713 870 confugero,
735 789 769 851 in
789 786 974 852 libertatem
986 788 1168 854 vindicabit.
1236 799 1240 803 “

336 899 485 966 XXXIV.
523 901 595 968 146.
627 901 729 969 Huius
749 904 873 988 quidem
894 903 973 982 loci,
1000 905 1091 990 duem
1112 906 1204 972 modo
1227 926 1296 975 sum

250 1039 398 1097 exorsus,
424 1018 476 1086 hic
499 1019 652 1097 ascinis,
680 1021 780 1105 inquit
801 1020 970 1099 Antonius,
998 1024 1144 1107 quoniam
1169 1023 1294 1089 intelle-

250 1139 334 1222 gitur
355 1157 419 1203 nou
440 1140 473 1202 in
494 1136 654 1203 hominum
673 1137 952 1204 innumerabilibus
973 1142 1118 1225 personis
1139 1159 1239 1225 neque
1261 1143 1295 1206 in

250 1254 370 1321 induite
390 1264 560 1340 temporum
580 1256 748 1331 varietate,
771 1254 828 1320 sed
849 1257 882 1320 in
903 1275 1051 1339 generum
1074 1259 1181 1325 causis
1203 1267 1295 1343 atque

246 1374 371 1437 ‘naturis
394 1374 499 1437 omnia
521 1373 583 1436 sita
604 1391 691 1448 csse,
715 1392 795 1457 quac
818 1374 851 1437 in
873 1372 1000 1437 dubium
1020 1384 1216 1452 vocarentur,
1237 1394 1294 1459 ge-

249 1508 329 1555 nera
350 1498 453 1554 autern
475 1508 547 1554 esse
577 1487 703 1554 definita
729 1509 792 1556 non
818 1489 920 1556 solum
945 1509 1088 1577 numero,
1117 1491 1174 1556 sed
1201 1494 1295 1558 ctiam

101 1612 105 1619 “
186 1636 191 1641 ·
249 1612 416 1694 paucitate,
437 1615 470 1671 ut
492 1626 561 1671 eam
577 1608 740 1672 materiem
755 1609 917 1684 orationis,
941 1626 1021 1693 quae
1038 1610 1187 1693 cuiusque
1210 1620 1295 1675 esset

249 1725 391 1808 generis,
426 1723 559 1789 studiosi
591 1726 644 1809 qui
676 1726 782 1788 cs'sent
810 1724 934 1789 dicendi
949 1724 1104 1789 omnibus
1130 1724 1212 1791 locis
1239 1726 1313 1792 de»

251 1843 398 1929 scriptam
424 1842 606 1906 instructam
633 1851 835 1926 ornatamque
864 1840 1173 1928 comprehenderent,
1198 1842 1293 1908 rebus

249 1959 321 2024 dico
348 1968 379 2023 et
401 1959 574 2027 sententiis.
618 1956 690 2022 146.
717 1955 766 2023 Ea
790 1959 822 2024 vi
850 1976 909 2022 sua
930 1956 1028 2023 verba
1049 1962 1185 2044 parient,
1212 1980 1293 2045 quae

249 2096 372 2162 semper
398 2076 477 2140 satis
505 2085 618 2140 ornata
643 2073 719 2141 mibi
749 2075 872 2162 quidem
894 2074 995 2140 videri
1023 2075 1147 2155 solent‚‘
1169 2079 1197 2143 si
1224 2079 1292 2143 eius

170 2341 174 2350 ι
249 2309 406 2380 reptatione
424 2309 495 2361 enim
511 2325 619 2361 reorum
635 2311 826 2363 controversia
842 2309 937 2362 oritur.
963 2307 1008 2373 23,
1024 2307 1074 2362 96:
1094 2307 1168 2363 berae
1184 2307 1291 2361 simill-

248 2394 383 2449 tudinem
404 2422 440 2432 -
462 2394 726 2448 coercitatioatbus
753 2392 863 2450 crebris
887 2400 976 2462 atque
996 2397 1115 2465 mappis
1136 2423 1172 2436 —-
1190 2411 1291 2466 perse-

250 2485 367 2550 quetur.
402 2477 453 2531 llla
477 2485 566 2548 atque
590 2483 709 2549 mappis
737 2479 939 2534 manlscstarnrn
967 2479 1141 2547 ineptiarum
1157 2486 1292 2532 tenentur.

249 2565 298 2631 46,
317 2564 380 2618 lun:
410 2580 471 2617 noa
486 2594 522 2604 ’-
540 2563 574 2617 id
600 2563 631 2618 0.
650 2564 789 2618 Norbano
813 2568 846 2618 lo
867 2563 986 2631 nefario
1009 2567 1134 2616 crimine
1157 2569 1243 2631 atquc
1261 2565 1293 2614 tn
1367 2606 1371 2613 .

246 2649 358 2719 fraude
385 2649 511 2720 capitali
536 2666 599 2700 esse
618 2649 797 2720 ponendum.
834 2646 871 2699 Io
896 2645 1013 2714 nefario
1039 2649 1165 2698 crimine
1190 2646 1294 2699 addidit

120 2731 133 2753 '
248 2735 373 2789 fraudem
395 2733 539 2803 capitalem
562 2732 795 2799 interpretaturus.
840 2730 889 2793 49,
907 2728 972 2781 nol:
1004 2728 1083 2796 quod
1100 2759 1131 2768 -
1147 2746 1295 2798 perquam

249 2819 374 2870 breviter
388 2818 555 2888 perstrinxi
577 2822 664 2882 atquc
681 2818 778 2884 attrpr.
815 2804 925 2865 Ultimis
948 2811 1056 2862 videtur
1078 2810 1145 2863 illud
1166 2809 1295 2865 breuiter

245 2903 414 2973 perstrinxi
429 2898 570 2968 explicari.
595 2896 681 2967 1114,
698 2896 737 2950 13.
758 2913 795 2950 ao
811 2898 957 2947 serusr‘mus
974 2894 1050 2946 iuxta
1067 2893 1102 2946 ad
1111 2895 1294 2966 pertulimus

248 2984 366 3054 positum
381 2999 437 3035 nou
451 2980 548 3050 probo.
579 2979 700 3045 26‚103:
717 2980 793 3034 st‘lcu
810 2995 912 3031 rerum
928 2982 965 3030 a'c
981 2982 1194 3032 sententiarum
1212 2998 1293 3055 corrr-

247 3063 390 3139 puronda
413 3071 466 3118 est.
498 3063 665 3116 Sententiae
689 3064 766 3132 ipsae
789 3079 838 3115 res
862 3069 939 3127 snut,
966 3077 1037 3129 qliae
1059 3062 1118 3116 iure
1141 3063 1225 3119 lleur.
1249 3083 1292 3119 se·

248 3150 335 3204 clusit.
371 3146 419 3212 36,
437 3148 501 3200 144ι
525 3149 594 3220 plus
612 3152 696 3201 arrarumv
707 3147 861 3217 aliquanto
881 3146 1026 3210 attulisti,
1047 3164 1138 3217 quam
1156 3146 1293 3203 orirerur

248 3231 426 3288 attributum
445 3248 466 3284 a
478 3231 562 3291 uobis
579 3249 616 3286 ac
628 3232 839 3286 denuntiatum.
864 3231 926 3285 Hoc
938 3232 1112 3300 imperiosius
1127 3233 1292 3286 vocabulum

247 3327 304 3384 est,
327 3334 406 3386 qnam
432 3318 505 3386 quod
527 3318 621 3371 abeis
645 3318 699 3373 dici
722 3317 857 3387 potuerit,
880 3315 977 3386 quibus
996 3315 1110 3370 Crassus
1132 3316 1191 3385 ipse
1210 3318 1291 3387 grati·-

246 3402 385 3457 iicarctnr.
422 3403 479 3456 Sed
501 3402 608 3472 longius
629 3418 791 3472 progressus
809 3399 915 3454 Bakins
938 3400 986 3453 illu
1003 3401 1082 3465 loco,
1126 3400 1153 3452 ui
1171 3417 1222 3454 nos
1239 3399 1293 3453 buc

247 3488 358 3553 detulit,
382 3489 464 3541 otiam
487 3485 574 3540 verba
597 3484 809 3539 Scaevolarum
832 3491 862 3537 et
884 3491 1050 3538 ceterorum
1068 3417 1210 3559 ,οιὲἲυάἰη
1235 3501 1293 3537 non

246 3570 347 3629 decere
371 3573 442 3626 enim
459 3571 615 3625 Scaevolae
639 3571 723 3624 vitam
746 3570 839 3622 rideri.
874 3570 909 3621 At
931 3585 983 3621 uec
1006 3568 1094 3633 ridet,
1117 3567 1166 3621 sed
1187 3569 1293 3622 iocatur

247 3658 392 3722 Antonius,
408 3674 461 3715 nec
478 3657 573 3708 ederat
590 3655 645 3708 ille.
655 3682 690 3693 ·-
709 3655 825 3721 leniter]
844 3653 946 3706 leuiter
961 3669 1018 3704 non
1035 3652 1129 3721 inepte
1145 3649 1196 3722 bg.
1215 3669 1293 3722 prae-

247 3753 291 3797 ter
312 3743 336 3796 4
362 3740 404 3797 15.
425 3741 466 3794 16.
487 3740 530 3794 32.
554 3739 596 3793 36.
614 3737 657 3791 67.
674 3738 717 3791 84.
742 3754 797 3791 sec.
814 3754 849 3805 m,
870 3737 911 3791 76.
931 3743 959 3790 et
984 3734 1035 3790 Gn.
1054 3734 1080 3789 3.
1105 3752 1134 3790 v.
1152 3737 1292 3806 explicata

247 3827 283 3882 el
307 3823 355 3877 lll.
377 3824 427 3889 52,
450 3824 510 3878 201.
528 3853 564 3864 -
593 3822 686 3878 amul
710 3822 809 3890 atque]
833 3821 873 3874 sic
895 3820 1006 3874 divisim
1027 3836 1122 3875 omnes
1143 3820 1206 3873 libri
1227 3817 1292 3870 boni

247 3916 359 3977 practer
378 3906 429 3976 bg.
449 3907 490 3960 13.
670 3964 676 3975 ,

331 3989 461 4044 XXXIV.
499 3989 556 4043 145.
592 3989 786 4061 intolleyltur]
815 3987 880 4041 dedi
909 4006 945 4042 ex
971 3988 1022 4059 bg.
1046 3988 1071 4039 5.
1101 3985 1142 4038 13.
1165 3982 1208 4036 65.
1244 3984 1290 4036 trt-

247 4072 430 4146 totltperetur
443 4072 468 4128 3.
483 4072 517 4127 32
528 4091 555 4128 v.
567 4091 593 4131 u.
604 4082 622 4129 t.
637 4073 680 4131 36.
697 4072 794 4129 bamb.
823 4071 1001 4145 intelliqeret
1014 4070 1107 4126 ultimo
1121 4082 1138 4118 a
1151 4064 1179 4118 in
1194 4079 1292 4125 rasura
