2968 4596
272 345 306 413 1
397 391 401 397 .
666 328 923 410 CICERONIS

193 584 196 591 ,
270 530 371 602 neque
392 510 575 579 auctoritate
595 514 758 598 quisquam
779 512 860 600 epnd
881 528 930 579 nte
951 511 1021 598 plns
1039 500 1147 577 uslere
1164 521 1195 577 te
1212 521 1316 599 potest

271 649 373 718 neque
395 629 562 696 voluntate.

23 754 270 873 24mequ
285 745 394 875 elin·
434 747 490 835 Ac
514 746 587 813 mibi
614 745 783 834 repetenda
808 756 856 813 cst
875 747 991 813 veteris
1013 746 1175 813 cuiusdam
1197 766 1317 825 merum

22 850 52 911 Ψ»
71 845 235 940 &blesim
271 871 340 934 riae
361 881 424 933 non
445 882 523 932 sene
546 867 625 931 sctis
643 864 800 951 explicata
813 864 1005 942 recordatio,
1028 863 1100 941 sed,
1120 874 1154 930 ut
1168 864 1317 942 arbitror,

270 995 346 1072 apta
367 984 406 1049 ud
427 984 475 1061 id,
497 983 579 1070 quod
595 985 746 1069 requiris,
760 992 793 1048 ut
808 1000 985 1066 cognoscas
1002 1000 1082 1068 quoe
1098 984 1159 1048 viri
1178 982 1314 1048 omniurn

269 1100 519 1189 eloquentissimi
551 1100 782 1185 clarissimique
813 1101 969 1165 senserint
1004 1073 1046 1165 de
1075 1101 1160 1165 omni
1189 1100 1314 1165 ratione

272 1219 405 1287 dicendi.
448 1208 486 1288 b.
501 1215 558 1282 Vis
580 1219 676 1295 enirn,
702 1226 737 1282 ut
759 1215 835 1282 milri
857 1235 953 1304 saepe
976 1216 1095 1294 dixisti,
1123 1215 1313 1302 quoniami·

270 1338 353 1424 qnae
386 1326 492 1423 pueris
523 1344 576 1399 aut
607 1333 851 1400 adolescentulis
886 1333 979 1400 nobis
1010 1351 1048 1399 ex
1081 1335 1313 1399 commentariis

270 1455 388 1520 nostris
408 1451 557 1517 inchoata
578 1429 616 1527 cc
637 1452 729 1517 rudia
749 1451 930 1518 exciderunt
950 1453 1003 1518 vin
1023 1450 1083 1517 lrac
1098 1460 1199 1517 aetate
1215 1450 1315 1535 digna

271 1582 304 1637 et
322 1570 383 1636 hoc
403 1590 476 1646 usu,
500 1588 590 1655 quem
613 1589 651 1634 ex
674 1573 794 1646 causis,
817 1589 895 1655 quas
918 1569 1065 1646 diximus,
1091 1578 1137 1636 tot
1155 1571 1313 1654 tantisque

188 1768 193 1777 .
268 1684 431 1755 consecuti
451 1702 571 1773 sumus,
594 1685 714 1772 aliquid
734 1686 847 1752 iisdem
868 1687 907 1751 de
928 1686 1023 1751 rebus
1041 1686 1167 1772 politius
1184 1706 1204 1751 a
1219 1660 1314 1752 nobis
1361 1690 1368 1755 J

268 1806 497 1895 perfectiusque
510 1764 671 1891 ‘piliolis
699 1804 846 1891 solesque
867 1824 932 1870 uon
952 1823 1109 1889 nunquam
1134 1804 1194 1870 hoc
1216 1788 1315 1917 ‘¹⁸2⁴’

358 2038 390 2092 11.
415 2053 484 2101 ,een
503 2035 591 2109 soce}
610 2052 683 2091 acne
700 2053 754 2091 orn.
773 2037 823 2108 ις.
841 2038 867 2091 1.
888 2037 920 2091 13
937 2038 999 2092 odd.
1019 2038 1060 2093 lo.
1080 2033 1314 2093 1711711414.

268 2125 314 2178 bb.
332 2123 374 2177 70.
392 2123 435 2177 76.
452 2123 495 2176 84.
514 2122 573 2188 sn,
599 2132 715 2193 propter
731 2139 850 2193 sequeus
868 2123 977 2193 quidem
993 2123 1167 2178 vocobulum
1189 2151 1225 2162 —-
1250 2121 1314 2174 elo-

265 2212 459 2279 quentissimi
481 2206 713 2277 clarissimique]
741 2210 796 2261 inv.
821 2206 872 2278 Lg.
891 2207 917 2261 1.
936 2207 978 2260 11.
1003 2207 1056 2261 (iu.
1073 2207 1113 2273 3.,
1140 2225 1195 2261 uon
1218 2213 1313 2269 rectos

267 2294 429 2363 eloquentia
455 2292 526 2345 enlm
550 2292 716 2346 claruerunt.
737 2321 773 2336 ·-
797 2290 957 2362 aecumst]
981 2299 1133 2346 suosmet
1156 2291 1207 2362 Lg.
1224 2293 1250 2344 4.
1267 2288 1313 2343 73.

265 2375 314 2429 um
337 2376 390 2431 Gn.
408 2377 432 2430 l.
1300 2425 1305 2431 .

316 2480 318 2485 ’
356 2463 382 2515 5.
409 2461 649 2532 adolescentulis]
675 2462 803 2517 edulesc.
826 2462 938 2534 riguus
954 2463 998 2517 81.
1016 2459 1249 2517 adolescentibus
1267 2459 1312 2513 14.
1416 2466 1419 2471 ’

272 2547 312 2600 15.
332 2547 372 2600 17.
390 2546 433 2601 11.
451 2547 493 2603 13.
511 2544 554 2600 14.
572 2544 614 2602 bb.
632 2547 676 2602 88.
692 2547 735 2620 98.
762 2547 890 2601 adulesc.
916 2547 956 2601 lo.
973 2547 1016 2601 uc.
1035 2548 1077 2602 70.
1094 2548 1136 2601 ib.
1153 2547 1197 2600 84.
1232 2544 1315 2598 Hune

264 2634 430 2702 scripturam
447 2633 557 2686 minime
573 2633 613 2685 lta
628 2630 734 2686 firmari
753 2632 847 2699 libris,
871 2641 902 2686 ut
919 2632 1079 2703 quibusdam
1096 2633 1201 2697 vuum,
1225 2642 1313 2699 saepo
1331 2650 1336 2657 ·

269 2715 456 2770 indicabimus.
473 2743 508 2756 -
538 2715 623 2768 uobis
649 2716 701 2785 em]
726 2721 780 2768 aut
806 2726 870 2770 unte
893 2719 1016 2770 inserunt
1040 2716 1111 2770 Vici.
1137 2716 1190 2787 Lg.
1215 2729 1314 2768 omncs

265 2806 383 2869 praeter
399 2798 470 2868 ipe.
488 2814 523 2851 m.
540 2798 583 2852 81.
601 2816 657 2852 sec.
674 2816 709 2853 nr.
743 2799 831 2853 Recte
850 2801 957 2856 videtur
973 2800 1059 2855 lieur.
1074 2802 1167 2854 dicere
1183 2799 1246 2854 huic
1262 2814 1313 2868 pe-

269 2880 351 2935 modo
370 2899 451 2951 quum
468 2883 586 2935 maxime
604 2883 656 2935 rite
673 2883 834 2953 procedenti
852 2890 879 2938 e't
892 2885 928 2938 ab
941 2885 1098 2939 anacolutlrl
1115 2893 1227 2950 nature,
1244 2898 1316 2953 qun·

269 2963 324 3027 lem
347 2962 468 3018 Orellius
491 2967 599 3032 statuit,
623 2966 789 3021 alienissimo
810 2968 909 3023 deesse
931 2969 1044 3024 uerbum
1067 2979 1222 3040 protaseos.
1254 2968 1314 3022 Ant

265 3049 353 3119 igitur
370 3066 430 3102 curu
440 3048 536 3103 Larnb.
547 3049 719 3104 scribendum
732 3053 880 3121 quaedem
895 3071 948 3124 pro
957 3071 1047 3123 quoe,
1068 3064 1115 3107 out
1125 3071 1185 3107 curn
1196 3051 1313 3107 Schuet-

271 3133 316 3198 sio
334 3136 384 3186 uic
402 3132 458 3187 boc
472 3138 533 3187 sict
549 3141 648 3187 cetotc
661 3135 769 3207 dipem,
788 3146 848 3204 out,
867 3138 941 3207 quod
954 3138 1179 3192 verisimillimum
1191 3137 1312 3200 videtur,

271 3234 332 3270 cnm
350 3217 410 3270 cod.
429 3217 466 3271 U.
485 3218 694 3290 expungendum
711 3238 794 3290 quae.
830 3221 886 3280 Qui
903 3220 1029 3276 Lambini
1045 3223 1245 3283 correctionem
1260 3235 1313 3272 uu·

271 3316 323 3371 per
347 3302 455 3355 durum
477 3302 559 3369 dixit,
585 3303 783 3360 Ciceronianae
804 3306 939 3360 orationis
962 3307 1077 3376 peritior
1100 3307 1151 3359 sibi
1173 3307 1249 3360 visus
1267 3312 1313 3357 eat

272 3402 354 3456 quum
378 3387 423 3440 vir
445 3386 637 3458 elegantissimi
660 3388 769 3454 iudicil;
795 3390 856 3443 eliis
878 3391 1093 3460 imperitissimus
1111 3389 1257 3444 videbitur.
1273 3415 1314 3429 ’-

272 3469 507 3541 commentariis]
532 3473 783 3527 commentariolis
807 3473 859 3543 Lg.
881 3473 924 3528 14.
947 3473 991 3528 ou.
1015 3473 1057 3528 81.
1080 3474 1124 3529 84.
1147 3474 1220 3527 Vict.
1241 3470 1312 3526 llrn.

272 3554 347 3609 Setis
363 3565 504 3625 peccatum
523 3573 540 3609 u
557 3556 691 3611 Cicerone
708 3557 902 3624 adolescente,
928 3557 1004 3628 quod
1023 3557 1110 3612 libros
1127 3556 1237 3611 minime
1254 3555 1313 3609 ela·

154 3711 162 3728 ’
271 3637 385 3693 beratos
409 3640 463 3694 sibi
487 3641 616 3695 excidere
640 3659 737 3712 possus
760 3650 819 3706 est3
847 3642 910 3696 iuco
935 3642 983 3696 iilo
1009 3640 1221 3717 dnusopeoeruoi
1243 3652 1311 3694 com·

271 3725 393 3795 temptim
409 3724 475 3778 dieti
491 3725 588 3779 melius
601 3725 763 3780 carebimus.
778 3754 815 3768 ι-
831 3725 985 3796 imbuatur]
1001 3726 1313 3781 incubamettucocta

272 3807 381 3878 quidam
398 3809 478 3862 codd.
495 3810 583 3863 minus
599 3810 673 3863 boni.
690 3839 726 3851 -
744 3827 780 3863 ac
792 3810 896 3881 nodia]
914 3818 1003 3881 atque
1015 3829 1039 3865 r.
1057 3810 1194 3883 113898.
1211 3807 1312 3880 soeph.

270 3892 352 3946 nudo
374 3892 426 3946 Gn.
444 3892 520 3946 1.-
544 3893 706 3965 consecuti]
731 3899 903 3966 consequeus
926 3894 977 3968 Lg.
994 3896 1019 3950 5.
1036 3895 1080 3950 bb.
1098 3895 1139 3949 70.
1156 3895 1200 3949 78
1215 3894 1258 3949 84.
1280 3903 1313 3972 et

270 3990 327 4029 nno
342 3992 363 4028 ιι
381 3975 413 4028 17
430 3994 501 4032 corr.
515 3988 545 4032 ut
558 3979 583 4031 b.
618 3977 680 4033 linc
696 3980 844 4034 secuudum
861 3980 947 4044 libres
964 3980 1137 4034 indicandum
1154 3979 1241 4045 toret,
1257 3978 1313 4033 sed

271 4058 307 4118 ,ab
330 4058 370 4112 eis
394 4075 488 4129 perum
511 4062 641 4133 preesldil
663 4062 762 4129 beben
786 4064 925 4135 delegisse
944 4065 974 4118 ld
992 4066 1092 4120 aetatis
1108 4064 1313 4121 ciceroniana·

270 4140 409 4208 limbus
435 4145 509 4213 quud
530 4163 589 4216 queo
612 4149 791 4217 pronuntiare
814 4164 870 4206 non
891 4160 1019 4222 poscens
1042 4167 1121 4208 utera
1136 4148 1230 4206 isbela
1246 4155 1310 4211 est3
