2968 4596
401 337 459 406 DE
488 338 719 410 ORATORE
745 338 870 410 LIBER
893 342 915 409 1.
939 344 988 410 ll.
1159 346 1221 417 11

166 513 283 580 versia
311 512 377 576 iam
409 502 462 575 diu
489 520 612 597 torquet
642 510 796 579 homines·
812 510 986 580 Graeculos
1014 513 1222 580 contentionis

172 629 353 716 cupidiores
376 648 469 714 quam
490 630 641 694 veritatis.
690 627 743 703 ta
768 626 849 695 Nam
871 632 899 696 si
921 630 991 717 quis
1012 628 1094 697 hunc
1116 631 1224 696 statuit

171 766 250 812 esse
277 755 449 824 oratorem,
483 748 537 832 qui
566 748 777 814 tantummodo
807 749 843 813 in
874 748 941 814 iure
974 757 1005 813 et
1034 748 1068 812 in
1094 747 1221 814 iudiciis

171 865 276 950 possit
306 873 359 928 aut
391 864 472 950 apud
503 863 649 950 populum
681 874 734 930 aut
764 865 797 930 in
823 872 936 931 senatu
967 865 1094 951 copiose
1123 863 1221 950 loqui,

172 992 281 1046 minen
309 979 383 1046 haic
414 982 476 1067 ipsi
505 980 602 1046 multa
627 981 743 1048 11111111
769 992 800 1048 et
825 982 979 1047 concedat
1003 1000 1135 1048 necesse
1162 989 1226 1048 est:

113 1121 116 1124 ·
171 1095 284 1182 Neque
321 1100 405 1163 euim
441 1099 510 1163 sine
546 1098 644 1164 muita
677 1100 919 1185 pertractatione
953 1100 1090 1165 omniurn
1117 1117 1221 1164 rerum

171 1214 369 1300 publicarum
394 1235 496 1300 neque
523 1217 592 1281 siue
613 1216 719 1303 legum
740 1218 837 1283 moris
859 1216 1096 1282 iaris'scientia
1119 1235 1221 1302 neque

171 1340 290 1396 natura
312 1332 470 1398 homiuum
495 1333 657 1418 incognita
678 1353 716 1400 ac
738 1331 878 1400 moribus
899 1335 934 1400 in
953 1332 1005 1399 his
1026 1333 1105 1419 ipsis
1127 1331 1223 1401 rebus

170 1450 257 1514 satis
287 1449 402 1515 callide
432 1452 557 1516 versari
584 1461 615 1516 et
642 1452 741 1537 perito
769 1460 879 1537 potest.
923 1449 985 1529 Qui
1011 1459 1113 1516 autem
1140 1448 1221 1518 hacc

173 1571 373 1650 cognoverit,
397 1572 465 1632 sine
488 1567 601 1653 quibus
622 1587 663 1633 ne
685 1567 744 1634 illa
764 1569 889 1655 quidem
910 1569 1038 1635 minima
1058 1569 1093 1633 in
1113 1569 1221 1635 causis

176 1686 345 1767 quisquam
365 1694 447 1749 recte
468 1686 548 1750 tueri
570 1695 686 1772 potest,
714 1684 789 1770 quid
813 1683 887 1749 huic
913 1683 1027 1749 abesse
1048 1686 1160 1771 poterit
1181 1684 1220 1750 de

174 1802 382 1866 maximarum
407 1821 508 1868 rerum
530 1803 686 1869 scientiat
731 1800 789 1866 Sin
812 1803 948 1877 oratoris
969 1799 1047 1866 nihil
1067 1802 1117 1867 vis
1138 1819 1221 1880 esse,

173 1918 240 1982 nisi
266 1914 439 2006 composite
463 1931 572 1987 ornate
604 1921 733 2008 copiose
759 1918 867 2007 loqui:
905 1937 1024 2006 quaero
1055 1918 1087 1983 id
1119 1919 1219 2006 ipsum

260 2176 302 2234 48.
339 2183 458 2248 statutt]
477 2186 589 2236 statuet
604 2182 655 2255 Lg.
667 2183 713 2239 81.
729 2181 780 2239 Ga.
793 2182 818 2238 2.
838 2190 868 2237 ut
884 2180 979 2254 steph.
993 2196 1062 2236 corr.
1080 2208 1117 2222 —
1151 2185 1217 2234 tan-

175 2265 340 2333 tummodo]
367 2265 475 2318 divisim
493 2264 543 2336 Lg.
562 2267 602 2335 2.,
632 2268 706 2337 quod
725 2286 780 2322 uon
799 2266 969 2339 probandum
988 2274 1104 2336 propter
1120 2285 1220 2320 ταυτο-

171 2353 281 2417 λογίαν.
319 2355 438 2401 tautum
456 2365 515 2401 aaa
533 2351 584 2407 Ga.
603 2352 627 2407 2.
648 2384 680 2393 -
714 2358 744 2405 et
762 2356 793 2406 tre
810 2352 943 2419 tudtctts]
965 2351 1005 2403 sic
1020 2367 1070 2420 pro
1090 2356 1143 2403 aut
1159 2365 1219 2403 cor·

172 2434 239 2485 rexi
256 2423 407 2484 secundani
424 2431 564 2486 Ciceronis
579 2452 679 2490 morem
696 2454 732 2490 ex
750 2435 800 2508 Lg.
820 2437 845 2492 2.
864 2436 903 2491 13.
923 2434 965 2488 70.
983 2433 1026 2489 81.
1043 2463 1079 2473 -
1108 2433 1219 2504 possit]

176 2531 234 2568 om.
256 2515 298 2569 20.
321 2513 384 2567 add.
409 2531 472 2567 esso
485 2522 582 2587 possit
603 2518 634 2572 81
653 2538 723 2578 corr.
740 2526 777 2562 4—
811 2519 907 2590 apud]
932 2523 1006 2589 aput
1027 2515 1077 2586 Lg.
1095 2516 1129 2567 14
1148 2530 1219 2590 corr.

174 2596 301 2653 Omnino
328 2615 422 2652 eorum
445 2603 602 2670 sententia,⁴
620 2605 664 2673 qni
685 2605 787 2675 ubique
811 2603 951 2672 corrigunt
975 2599 1028 2652 sed
1050 2597 1124 2650 1111111
1149 2602 1222 2667 aput

171 2701 231 2738 non
250 2684 306 2736 aiio
325 2685 378 2737 uisi
396 2686 517 2738 uorandi
533 2688 623 2741 studio
641 2691 730 2760 capti,
749 2706 801 2743 uec
819 2706 836 2741 a
851 2688 928 2740 libris
946 2701 998 2738 uec
1016 2681 1050 2736 ab
1068 2681 1222 2751 inscriptioss

171 2757 253 2820 uibus
271 2769 438 2839 praesidium
453 2769 569 2840 habent,
593 2782 622 2827 et
638 2791 656 2826 a
672 2774 844 2832 Quintiliano
861 2772 1075 2841 redarguuntur,
1096 2766 1142 2835 qui
1159 2782 1219 2820 cunr
1326 2759 1331 2773 '

171 2852 200 2904 in
224 2850 283 2906 fine
308 2869 407 2907 vocum
430 2853 448 2908 b
469 2863 500 2909 ut
515 2874 553 2928 p,
580 2858 651 2912 dut
671 2866 683 2911 t
706 2859 771 2912 dicit
793 2875 909 2925 souare,
936 2864 963 2909 et
986 2873 1004 2908 a
1025 2853 1116 2906 multis
1138 2853 1219 2907 etiarn

170 2937 255 2990 scribi
272 2936 345 3007 (xri.
366 2938 408 3005 10,
426 2938 469 2995 3⁸2.
488 2942 551 2996 coli.
570 2941 590 2996 1.
610 2943 636 3008 7,
655 2943 698 3010 5),
719 2944 829 3017 minime
846 2941 957 3007 suadet,
968 2944 1007 2993 *at
1025 2943 1138 3008 recepta
1153 2938 1220 2991 scri-

171 3023 258 3091 ptora'
277 3023 451 3092 repudietnr3
485 3035 515 3079 ut
537 3024 744 3081 Grammaticos
757 3038 877 3095 taceam,
909 3043 978 3096 quos
1002 3031 1086 3078 testes
1109 3022 1220 3076 adducit

171 3105 355 3160 Schneiderus
377 3108 423 3163 Gr.
442 3108 503 3165 Lat.
523 3105 543 3165 i.
565 3128 592 3182 p.
611 3111 672 3165 252.
707 3110 758 3165 tua
774 3114 799 3167 si
816 3121 965 3174 sectamur,
986 3125 1057 3178 quae
1075 3107 1146 3160 sorte
1163 3106 1219 3159 for·

170 3189 239 3244 tuna
256 3192 284 3244 in
302 3191 379 3245 libris
395 3193 543 3262 aliquando
562 3205 725 3260 occurrunt,
747 3198 841 3250 nescio
860 3213 908 3249 cnr
924 3192 1107 3265 improbemus
1125 3189 1219 3259 atfatt

170 3275 255 3328 inser.
274 3275 332 3330 775.
353 3294 379 3345 p.
400 3277 457 3332 186.
476 3277 502 3332 ΙΙ
521 3277 570 3334 Or.
602 3279 746 3352 optinebit
762 3299 790 3352 p.
809 3280 867 3335 201.
894 3278 981 3352 pleps
997 3294 1024 3347 p.
1038 3275 1102 3341 tm,
1114 3273 1139 3327 6.
1164 3290 1218 3346 ap-

171 3361 259 3413 stota
282 3377 308 3431 p.
329 3360 395 3429 602,
414 3362 438 3418 7.
476 3368 623 3436 opstetrix
641 3365 707 3432 636,
725 3363 750 3420 6.
787 3361 1029 3437 separassem.
1064 3359 1219 3431 apocletos

173 3444 254 3511 1083,
272 3444 314 3511 8.,
347 3447 421 3515 quod
444 3447 472 3501 in
495 3459 671 3504 monumento
696 3450 832 3503 consulari
855 3440 952 3502 aetatis
972 3444 1085 3520 Augusti
1107 3445 1217 3522 iegitur,

173 3534 347 3601 sapstpaato
376 3531 403 3584 in
428 3532 490 3604 iege
511 3534 654 3588 iudiciaria
675 3536 788 3603 antiqua
809 3553 835 3604 p.
858 3532 916 3587 512.
953 3548 1038 3602 opaea
1061 3548 1087 3599 p.
1108 3527 1217 3596 18113.

172 3612 237 3679 4532
257 3613 280 3669 l.
299 3631 335 3667 ex
352 3614 455 3670 Tiberii
475 3626 581 3684 aetate,
606 3634 764 3692 apoeasp.
783 3619 847 3685 436,
860 3618 907 3682 6.,
930 3620 956 3670 tt
979 3615 1013 3685 (i.
1034 3612 1219 3681 e.tct,t1uod

172 3702 288 3754 maxime
313 3701 473 3756 commendo
501 3701 568 3757 ettae
592 3704 775 3771 amantibus),
798 3703 864 3769 801,
885 3702 909 3756 5.
933 3700 1033 3754 Graev.
1068 3700 1218 3770 apstinere

172 3787 199 3839 in
216 3786 328 3840 decreto
346 3786 546 3843 Herculanensi
564 3806 590 3858 p.
600 3789 665 3855 475,
680 3788 719 3842 11.
739 3787 972 3858 114771111111-
999 3784 1102 3838 Contra
1119 3782 1218 3851 adque

172 3880 213 3924 est
241 3890 268 3942 p.
287 3872 353 3939 412,
369 3874 394 3926 a
426 3870 493 3937 443,
510 3873 535 3926 6.
566 3873 626 3939 637,
648 3874 670 3927 l.
694 3872 814 3944 727,17.
838 3871 944 3941 844,7.
979 3885 1013 3922 eo
1034 3865 1218 3938 probabilius,

174 3956 247 4023 quod
277 3955 468 4023 Quintilianus,
488 3958 505 4011 Ι.
525 3975 548 4010 c.
582 3957 653 4010 iuter·
684 3957 916 4029 praepositionem
947 3961 975 4004 et
999 3949 1218 4015 coniunctionem

173 4058 191 4092 a
218 4042 342 4111 plurimis
377 4041 480 4095 nullum
514 4041 650 4094 scribendi
679 4041 824 4093 discrimen
857 4037 918 4088 fieri
945 4034 1054 4099 solitum
1084 4028 1218 4082 ostendit3

174 4127 342 4194 quodannis
366 4126 433 4189 753.
450 4127 475 4179 4.
511 4123 720 4184 marmoroso,
739 4120 779 4172 10.
816 4118 902 4186 Apud
920 4122 948 4164 et
967 4114 1039 4177 apert
1063 4107 1091 4153 iu
1109 4116 1163 4149 una
1179 4101 1218 4159 pr·
