2980 4602
255 302 344 394 nse
497 332 500 335 -
625 293 903 364 cronnorus·

255 487 295 532 ex
320 464 465 532 faucibus
497 456 619 544 comum,
652 485 781 553 quorum
812 461 983 530 crudelitas
1009 472 1118 528 nostro
1145 464 1298 548 sanguino

255 603 319 650 non
344 593 446 670 potest
476 583 614 670 expleri3
645 583 742 649 nolite
774 583 878 646 sinere
913 599 972 646 nos
998 581 1143 666 cuiquam
1170 583 1300 660 servire,

254 702 317 765 nisi
342 699 434 766 vobis
461 702 634 777 universis,
665 698 777 786 quibus
806 708 837 764 et
861 690 1027 783 poedumus
1056 706 1087 762 et
1114 695 1299 762 debemus.“

219 894 226 901 Ι
256 813 370 882 Omitto
392 791 554 890 miserias,
580 817 761 902 inquibus,
787 826 821 882 ut
846 813 1015 891 illiciunt,
1041 815 1091 879 vir
1112 813 1203 880 fortis
1226 833 1299 879 esse

253 952 319 999 non
343 942 464 1020 potest3
498 936 603 1000 omitto
630 935 751 1017 seems,
785 951 825 998 ex
853 930 965 1018 quihus
994 941 1025 996 te
1053 933 1133 1023 eripi
1158 933 1225 1008 vis,
1258 950 1299 996 nc

254 1050 372 1116 iudicio
404 1051 510 1136 iniquo
542 1048 748 1115 exsorbeatur
778 1051 909 1133 sanguis
937 1058 1023 1125 tuus,
1056 1047 1139 1133 quod
1166 1048 1299 1132 sapienti

254 1177 372 1250 negant
398 1166 543 1233 accidere
568 1186 681 1251 posse3
714 1169 831 1231 servire
855 1185 932 1231 vero
958 1185 1022 1231 non
1048 1164 1139 1230 modo
1168 1174 1213 1241 te,
1242 1161 1300 1228 sed
1347 1200 1350 1211 ·

254 1284 433 1349 universum
454 1293 609 1373 senatum,
637 1284 725 1348 cuius
745 1292 810 1347 tum
832 1301 961 1349 causam
983 1280 1121 1366 agebas,
1142 1299 1239 1345 ausus
1262 1299 1299 1347 es

256 1397 381 1466 diceret
415 1399 488 1465 226.
510 1398 656 1465 Potestne
677 1401 785 1476 virtus,
809 1396 936 1477 Crasse,
959 1401 1078 1464 servire
1100 1399 1169 1462 istis
1191 1407 1300 1462 aucto-

34 1566 37 1579 .
153 1601 158 1606 .
254 1514 357 1592 ribus,
385 1500 514 1603 quorum
539 1526 572 1582 tu
592 1521 761 1603 praecepta
785 1518 920 1581 oratoris
942 1515 1090 1582 facultate
1113 1513 1299 1599 complecte-

255 1633 324 1697 risi
351 1651 431 1718 quae
459 1643 489 1698 et
516 1652 639 1727 semper
664 1643 694 1698 et
721 1632 793 1700 sola
817 1632 921 1698 libera
947 1642 995 1698 est
1021 1651 1176 1717 quaeque,
1205 1632 1300 1696 etiam

256 1750 442 1836 sicorpora
461 1760 555 1837 capta
576 1752 638 1814 sint
660 1753 756 1815 armis
779 1760 831 1816 aut
852 1752 1021 1816 constricta
1040 1748 1170 1825 vinclis,
1196 1758 1302 1812 tamen
1325 1798 1329 1805 .

255 1886 345 1933 suum
360 1868 409 1934 ius
425 1878 517 1953 atque
537 1869 671 1932 omnium
686 1887 789 1932 rerum
805 1869 984 1954 impunitam
1001 1864 1179 1931 libertatem
1194 1875 1300 1929 tenere

256 1979 379 2048 debeat.
424 1982 512 2063 Quae
534 2002 610 2049 vero
633 1983 795 2073 addidisti,
817 2004 880 2050 non
901 1982 993 2050 modo
1017 1992 1159 2048 senatum
1181 1983 1299 2048 servire

252 2117 346 2184 posse
367 2099 490 2189 populo,
513 2098 571 2168 sed
592 2102 687 2169 etiam
707 2104 823 2178 dedere,
846 2103 915 2189 quis
937 2098 998 2169 hoc
1012 2097 1216 2190 philosophus
1237 2108 1301 2165 tam

229 2361 235 2373 t
256 2331 333 2401 cipri]
352 2330 444 2386 addidi
461 2339 490 2386 ei
506 2334 653 2389 secundum
672 2331 799 2390 Badium.
835 2332 898 2388 Dici
915 2351 970 2387 nou
988 2340 1079 2404 potest
1097 2331 1300 2405 amplissimus

250 2417 404 2487 princeps,
423 2434 475 2471 nec
484 2422 625 2491 princeps
643 2418 798 2480 ἄσυνὸέτως
814 2418 915 2472 inferri.
929 2448 965 2457 —
983 2418 1048 2486 clla]
1068 2422 1128 2471 ista
1148 2417 1197 2488 ng.
1211 2416 1301 2469 65.—

194 2515 198 2524 “
256 2502 402 2569 contione]
427 2502 467 2556 sie
489 2502 539 2574 Lg.
559 2504 585 2558 3.
603 2505 628 2559 5.
652 2507 692 2559 11.
712 2504 752 2558 16.
772 2504 812 2558 16.
833 2503 873 2559 17.
893 2502 935 2558 2³.
955 2502 996 2557 36.
1015 2502 1058 2558 65.
1078 2502 1119 2556 76.
1138 2502 1179 2554 73.
1198 2501 1237 2556 76.
1256 2499 1299 2554 84.

255 2583 298 2640 86.
311 2583 353 2638 93.
372 2587 496 2644 ita-corr.
510 2587 552 2644 69.
572 2589 642 2644 Vict.
661 2589 728 2644 alias
746 2606 801 2644 non
820 2589 858 2642 ita
874 2588 978 2643 soiitos.
1006 2591 1160 2642 coactione
1177 2587 1202 2641 6.
1215 2586 1256 2640 67.
1269 2616 1301 2628 -

256 2685 294 2721 em
308 2669 460 2741 facetius]
486 2673 577 2745 Vulgo
598 2675 777 2745 praemissum
797 2690 851 2726 nos
873 2673 999 2726 omittunt
1020 2673 1099 2725 codd.
1125 2671 1183 2723 sere
1206 2686 1302 2722 ornnes

255 2762 283 2807 et
300 2765 385 2821 recte,
402 2757 464 2812 vet.
483 2758 523 2812 St.
542 2758 631 2814 flavo.
653 2759 676 2814 1.
693 2760 718 2814 9.
738 2780 764 2813 α,
777 2759 803 2813 d.
817 2777 838 2813 ε.
860 2757 912 2812 Gu.
928 2757 950 2812 1.
962 2757 987 2813 9.
1007 2755 1064 2811 Eri.
1082 2755 1105 2809 1.
1127 2754 1177 2825 mg.
1197 2770 1301 2820 omnes,

255 2837 317 2892 edd.
332 2840 414 2908 antiq.
429 2840 493 2895 Sch.
508 2840 607 2900 Mucii.
626 2843 755 2899 11666-
774 2844 839 2910 uos]
858 2858 909 2895 vos
927 2850 955 2895 et
971 2849 1067 2911 postea
1084 2838 1169 2892 mobis
1186 2839 1303 2892 Vict.·-
1369 2880 1375 2885 .
1393 2824 1397 2829 Α

255 2938 312 2975 uos
329 2926 479 2994 cuiquam]
503 2942 554 2980 om.
580 2927 630 2998 Lg.
648 2928 690 2981 35.
708 2957 742 2967 -
772 2928 921 2998 cuiquam]
946 2929 1087 2997 quopiam
1106 2922 1156 2995 ng.
1176 2923 1220 2978 65.
1239 2924 1256 2978 i.
1276 2941 1301 2979 c.

257 3011 433 3076 quoiquam,
457 3009 531 3078 quod
554 3010 627 3065 ciere
650 3014 779 3082 scriptum
797 3014 824 3066 iu
843 3013 886 3078 6.,
911 3012 1105 3080 receptumque
1124 3027 1142 3063 a
1158 3027 1202 3063 me
1221 3008 1302 3075 soret,

131 3108 142 3118 ‘
255 3093 285 3145 si·
301 3092 467 3163 antiquiores
484 3093 528 3147 hic
550 3094 636 3150 libros
653 3096 825 3151 haberemus.
860 3096 990 3167 quodam
1007 3094 1050 3149 91.
1074 3122 1107 3136 -
1140 3112 1177 3148 oe
1200 3094 1302 3161 tudio]

254 3193 292 3230 rte
310 3194 362 3231 om.
383 3176 434 3231 Gu.
449 3179 471 3233 1.
496 3177 568 3233 Mox
583 3197 597 3234 s
614 3180 641 3234 iu
655 3180 849 3235 exsorbeatur
867 3180 946 3234 abest
962 3198 979 3232 o
994 3179 1073 3232 codd.
1092 3180 1160 3232 meis
1177 3178 1302 3231 omnibus

205 3288 209 3293 ·
254 3271 366 3331 praeter
389 3262 439 3336 hg.
459 3263 484 3323 3.
504 3264 528 3318 5:
550 3293 586 3339 5-
613 3269 691 3335 uero]
715 3267 881 3320 correctoris
904 3281 965 3317 esse
986 3271 1053 3335 puto
1070 3271 1105 3317 ‘et
1127 3263 1250 3318 abiiciam
1272 3262 1304 3315 ii·

252 3345 358 3402 beuter.
379 3375 414 3389 »
445 3351 580 3417 causum]
606 3368 715 3408 causas
738 3350 790 3422 Lg.
812 3359 923 3421 praeter
943 3349 983 3407 17.
1004 3349 1047 3406 20.
1068 3348 1111 3404 35.
1130 3348 1171 3404 76.
1189 3348 1230 3402 79.
1249 3346 1304 3414 86,

256 3429 322 3485 item
342 3432 414 3488 Vict.

338 3516 398 3573 226.
438 3515 556 3587 Crasse]
575 3536 627 3574 om.
648 3516 697 3588 Lg.
716 3518 759 3573 67.
784 3549 815 3562 -
846 3521 939 3571 etium
957 3518 1001 3585 εἰ]
1024 3517 1064 3571 sic
1084 3515 1191 3569 divisim
1208 3514 1259 3586 mg.
1277 3513 1304 3573 6.

253 3601 279 3657 6.
298 3599 342 3659 65.
361 3602 404 3659 67.
423 3601 465 3657 69.
486 3602 527 3660 76.
548 3603 589 3659 73.
608 3603 649 3658 81.
668 3603 711 3655 81.
730 3603 772 3657 93.
801 3602 853 3657 Gu.
873 3602 896 3658 1.
917 3611 946 3656 ut
966 3602 989 3656 is
1006 3602 1085 3655 solet
1110 3600 1150 3652 ita
1171 3617 1241 3654 corr.
1261 3598 1304 3655 76.

253 3690 347 3741 etium
365 3692 396 3740 et
412 3690 441 3741 st
456 3687 526 3742 vict.
549 3718 585 3727 -
615 3687 730 3756 uinclis]
754 3687 850 3757 scripsi
873 3703 909 3740 ex
932 3685 983 3757 [ις.
1005 3684 1130 3743 omnibus
1148 3693 1260 3755 praeter
1278 3683 1305 3741 6.

255 3770 295 3825 76.
315 3771 358 3825 81.
377 3770 431 3838 ut„
453 3788 567 3841 quorum
584 3773 631 3829 ilie
648 3782 739 3828 tamen
757 3771 871 3825 uinclis.
893 3787 919 3828 v.
938 3770 1034 3837 6613,
1054 3770 1111 3825 191.
1130 3799 1166 3812 ··—
1186 3768 1305 3837 debeat]

255 3853 340 3911 debu
359 3855 410 3925 ug.
423 3855 477 3922 96,
494 3857 569 3924 quod
585 3856 650 3910 Scir.
665 3855 762 3912 Mueil.
782 3856 816 3911 de
834 3854 992 3909 coniectore
1009 3855 1180 3924 scripserunt
1194 3853 1305 3924 probat·

255 3955 309 4011 que
326 3936 439 4005 Muett.;
463 3940 604 4010 vulgatum
628 3940 752 3996 defendit
771 3937 892 3995 Oreliius
916 3940 994 4007 quasi
1018 3956 1054 3992 ex
1077 3937 1305 4009 philosophorum

255 4021 386 4088 opinione
404 4022 519 4086 dictum,
538 4023 611 4090 quod
629 4032 657 4075 et
673 4024 771 4078 salsum
789 4031 830 4076 est
848 4039 899 4075 nec
918 4023 1118 4088 necessarium
1143 4040 1205 4077 num
1224 4023 1306 4079 etiem

255 4103 373 4176 potetasis
396 4104 570 4163 coniunctivo
594 4108 757 4166 enuntiatur.
792 4105 915 4165 dedebat
939 4106 991 4167 Gu.
1012 4106 1037 4167 2
1062 4135 1098 4151 ·-
1126 4112 1230 4167 ontota
1253 4109 1308 4183 ad]
