2968 4596
412 315 471 385 DE
500 314 730 404 quatuos
758 315 883 386 LIBER
904 315 928 385 i.
952 319 1002 385 1⁵.
1170 322 1229 393 4!

177 507 264 575 quas
291 484 349 557 obs
375 495 406 554 te
434 485 592 565 didicerit,
625 486 750 555 doentt
776 497 843 554 arte
869 486 1037 575 superabit.
1090 487 1142 555 67.
1170 485 1230 555 Sin

180 622 267 692 quae
292 625 344 671 res
370 604 529 695 inciderit,
556 607 590 671 in
615 625 678 692 qua
704 606 743 672 dc
769 615 882 671 natura
905 606 1050 673 devitiis
1072 603 1231 673 somnum

182 723 223 789 de
250 723 470 810 cupiditatibus
502 723 541 788 de
567 723 659 789 modo
694 724 733 789 de
760 725 951 789 continentia
980 724 1019 790 de
1047 723 1156 790 dolore
1189 721 1229 789 de

180 851 280 908 morte
306 840 474 907 dicendum
499 843 555 919 sit,
583 842 729 919 forsitan,
758 842 787 906 si
812 843 843 906 ci
865 844 906 906 sit
925 843 1026 907 visunt
1049 843 1122 923 (etsi
1146 840 1228 907 haec

183 959 308 1044 quiden
332 978 430 1025 nosse
459 957 551 1025 debet
576 961 711 1041 orator),
739 979 809 1025 curn
836 956 910 1024 Sex„
932 956 1080 1045 Pompeio
1106 957 1228 1025 eruditu

151 1103 153 1106 ’
179 1072 305 1142 homine
326 1077 360 1141 in
378 1075 580 1163 philosophia
597 1078 850 1144 communicarit:
874 1075 935 1142 boc
950 1076 1090 1162 proiecto
1105 1074 1228 1153 eiiciet,

179 1203 228 1269 ut,
256 1213 470 1280 quamcunque
497 1214 563 1260 rem
591 1215 612 1261 a
637 1215 761 1282 quoquc
786 1195 981 1279 cognouerit,
1010 1194 1049 1260 dc
1071 1213 1112 1259 ca
1131 1192 1226 1259 multo
1239 1178 1338 1215 (Μ

180 1310 268 1376 dicat
292 1314 447 1389 omatius,
474 1332 568 1398 quum
593 1312 649 1380 ille
676 1315 758 1400 ipse,
786 1311 868 1379 unde
890 1315 1044 1399 cognorit.
1086 1310 1138 1377 68.
1161 1308 1228 1377 Sed

1349 1139 1463 1203 aaz,

178 1561 261 1616 dosin
282 1565 405 1634 incipere
425 1573 561 1635 putarent.
597 1565 701 1637 Figura
721 1565 865 1635 anaphora
890 1567 1007 1620 orationi
1029 1567 1138 1620 minime
1160 1581 1225 1619 cou-

178 1649 267 1705 venit.
291 1675 327 1688 -
368 1651 423 1717 tis]
447 1648 494 1703 its
523 1648 573 1722 [ις.
604 1651 629 1706 3.
654 1651 679 1705 4.
703 1650 745 1705 13.
772 1651 813 1703 14.
839 1651 880 1705 16.
907 1651 949 1705 11.
975 1652 1016 1705 14
1048 1652 1090 1707 31.
1114 1651 1157 1705 65.
1181 1649 1225 1705 67.

179 1730 227 1785 69.
254 1731 295 1784 76.
319 1733 359 1787 73.
383 1733 425 1789 84.
450 1735 492 1789 86.
518 1734 562 1791 93.
585 1735 637 1790 Gn.
665 1736 690 1790 3.
716 1753 771 1788 nou
795 1734 931 1800 deterius,
959 1743 986 1787 et
1010 1736 1175 1804 reciperem,
1202 1734 1226 1787 si

180 1815 341 1870 addicerent
364 1816 414 1889 Lg.
439 1820 463 1874 1.
487 1820 531 1875 36.
567 1824 607 1874 tts
630 1837 683 1876 om.
708 1820 760 1876 Gu.
784 1821 809 1875 1.
837 1822 912 1891 ipsis
937 1818 975 1874 ibi
998 1836 1051 1874 orn.
1077 1817 1127 1890 Lg.
1152 1820 1224 1876 1.4.

178 1899 230 1956 Gn.
251 1902 275 1956 3.
299 1902 386 1956 rebus
404 1907 479 1977 ipsis·
498 1906 523 1960 4.

245 1998 287 2052 67.
325 2000 412 2068 quac]
433 1999 474 2052 sic
491 1997 550 2067 (vel
569 2000 638 2069 qtae)
658 1997 708 2070 bg.
727 2014 837 2064 omues,
857 1998 908 2053 Gn.
928 2000 952 2052 1.
972 1999 996 2053 3.
1032 1996 1098 2053 Ern.
1116 2008 1145 2053 ut
1160 2000 1223 2058 edd.

178 2083 260 2151 antiq.
278 2084 438 2153 pleraeque.
465 2083 544 2137 Alius
561 2101 628 2153 qua.
646 2112 683 2123 ·-
711 2082 862 2150 inciderit]
881 2080 1041 2137 inciderim
1063 2083 1223 2156 1467.-

177 2168 250 2235 etot]
276 2174 305 2220 et
324 2173 353 2222 si
379 2168 431 2240 Lg.
454 2169 479 2222 1.
501 2170 544 2224 67.
567 2168 609 2223 69.
629 2168 671 2222 76.
691 2169 732 2222 73.
755 2167 797 2222 81.
815 2165 857 2221 84.
880 2166 922 2222 86.
941 2168 984 2223 93.
1021 2161 1059 2224 et
1072 2170 1123 2225 Gn.
1144 2173 1168 2227 1.
1187 2201 1223 2213 -

177 2253 274 2320 nosse]
292 2268 416 2320 cascere
433 2253 485 2324 Lg.
505 2254 547 2308 17.
572 2254 816 2321 communicarit]
833 2254 873 2306 sic
890 2263 937 2308 aut
954 2271 1088 2310 cosman.
1108 2265 1155 2310 aut
1174 2274 1222 2311 ca-

176 2340 285 2391 monia.
312 2336 402 2390 Havn.
416 2339 442 2391 l.
463 2337 558 2394 13111.
577 2340 603 2391 6.
618 2356 639 2392 ε.
658 2337 716 2390 Eri.
741 2336 790 2409 Lg.
810 2339 834 2393 1.
854 2338 878 2392 5.
896 2340 921 2394 6.
940 2341 1222 2398 13.1n.1o.17.no.

175 2421 221 2475 11.
241 2421 285 2473 31.
302 2420 347 2474 69.
365 2421 406 2473 ita
423 2438 495 2476 corr.
513 2424 555 2476 14.
583 2426 807 2477 communicarit
826 2424 860 2476 15
876 2442 946 2479 corr.
964 2433 995 2477 ut
1008 2426 1033 2478 1.
1060 2430 1222 2480 commani-

179 2506 296 2573 caverit
318 2502 370 2557 Gu.
383 2505 409 2557 1.
428 2504 478 2574 Lg.
492 2505 533 2558 76.
547 2504 588 2558 81.
618 2511 847 2561 communicaret
864 2508 953 2561 Hsvn.
968 2510 994 2562 1.
1025 2513 1223 2562 communica-

176 2591 227 2641 vit
250 2588 274 2641 3,
293 2587 317 2642 5.
336 2588 380 2643 36.
399 2590 442 2643 65.
462 2589 503 2643 76.
523 2588 621 2646 7384.
641 2591 682 2647 86.
702 2593 746 2646 93.
770 2592 888 2645 medium
906 2594 979 2645 inter
997 2608 1093 2644 verum
1111 2592 1177 2646 iilud
1196 2603 1225 2649 et

174 2672 319 2743 vulgatum
336 2673 371 2727 ab
387 2675 449 2728 Ala
469 2672 536 2728 lunt.
555 2673 610 2731 uri.
625 2678 650 2732 1.
669 2676 725 2732 01.
744 2675 882 2748 plerisque
902 2674 1139 2730 communicabit.
1169 2675 1224 2731 Ve-

175 2762 239 2813 r'urn
257 2768 298 2812 est
316 2760 396 2814 etiam
416 2761 443 2813 in
462 2760 523 2814 edd.
539 2761 679 2830 antiquiss.
695 2770 808 2833 praeter
820 2758 931 2816 Media
950 2759 1040 2827 Loto,
1062 2770 1090 2815 et
1107 2771 1221 2818 recenti.

174 2851 242 2914 post
262 2842 329 2899 Era.
344 2873 381 2886 —-
415 2849 629 2916 quamcunque]
652 2864 799 2917 quamque
821 2845 871 2919 bg.
891 2846 1035 2902 31416.
1055 2848 1096 2902 14.
1115 2849 1158 2903 36.
1177 2849 1220 2905 67.

174 2945 357 2998 quamquam
375 2933 497 3002 (qaanq.
516 2934 619 3006 q’aaq.)
644 2933 662 2984 5
679 2950 752 2987 corr.
772 2942 802 2987 ut
819 2933 861 2997 3.;
886 2932 911 2987 6.
932 2933 973 2988 13.
992 2933 1035 2987 11.
1053 2934 1095 2989 13.
1115 2935 1158 2990 31.
1176 2935 1219 2991 65.

171 3012 217 3067 69.
233 3013 275 3069 73.
286 3013 328 3072 bt.
340 3015 393 3070 86·
406 3015 455 3073 0r.
470 3019 585 3087 vitiose,
608 3019 743 3088 siquidem
761 3021 893 3088 quisquis
912 3018 962 3071 nisi
978 3017 1147 3074 substantive
1164 3038 1220 3075 nou

170 3098 287 3164 dicitur,
305 3108 332 3153 et
348 3099 479 3156 feminino
496 3121 597 3175 genere
611 3105 695 3175 piane
707 3112 792 3158 caret.
814 3120 950 3173 quanqac
962 3103 1003 3157 35.
1025 3121 1115 3174 qaam
1130 3122 1221 3175 paam

171 3182 216 3237 76.
253 3201 462 3257 quancunque,
487 3190 639 3255 utmient,
661 3187 897 3243 1666116115-
932 3204 951 3240 a
969 3191 1095 3259 quoquo]
1114 3190 1221 3243 restitui

170 3269 323 3323 secuudum
348 3271 409 3325 edd
432 3273 570 3342 antiquiss.
597 3274 686 3328 Havn.
707 3275 732 3328 1.
752 3271 900 3339 11666.
920 3273 946 3326 3.
973 3271 1021 3344 lug.
1038 3275 1066 3328 1.
1087 3275 1111 3327 5.
1131 3274 1156 3328 6.
1175 3273 1218 3328 13.

170 3356 215 3409 14.
237 3355 341 3410 1516.
363 3357 405 3410 17.
427 3357 469 3411 16.
489 3359 532 3413 11.
553 3359 596 3414 13.
616 3359 660 3414 35.
679 3357 722 3413 65.
740 3357 844 3427 69176.
864 3357 906 3412 73.
925 3358 966 3412 76.
984 3357 1089 3421 84186.
1108 3357 1151 3414 93.
1180 3359 1220 3413 its

170 3456 245 3493 corr.
263 3440 306 3494 81.
332 3457 447 3511 qaoque
464 3441 516 3497 Gu.
535 3444 560 3497 1.
579 3443 614 3498 V.
634 3443 670 3498 sd
689 3444 738 3508 11,
757 3443 800 3498 51.
824 3441 897 3497 Nuus
915 3442 1029 3509 errabit,
1048 3444 1072 3497 si
1090 3445 1149 3513 quis
1166 3444 1220 3499 boc

135 3556 138 3567 ι
168 3541 225 3595 pro
251 3541 364 3596 quaqua
390 3526 491 3580 dictum
515 3529 678 3601 opinsmitur.
704 3548 741 3571 ¹—-
776 3528 959 3599 copnoocrtt]
986 3527 1082 3598 scripsi
1106 3545 1142 3585 ex
1166 3527 1217 3600 Lg.

171 3609 297 3664 omuibus
319 3628 362 3681 pr.
381 3610 424 3666 81.
450 3611 479 3665 it.
497 3611 533 3666 U.
549 3613 619 3668 Vici.
644 3612 696 3668 Gu.
709 3615 734 3667 1.
753 3612 848 3668 humb.
878 3611 910 3666 ln
928 3611 997 3667 vict.
1018 3632 1094 3684 apr.
1113 3632 1148 3669 sn.
1168 3612 1220 3668 suit

169 3699 333 3763 apaovertt.
360 3695 583 3770 Post‘capaomt
600 3707 712 3753 tuentur
732 3697 781 3769 Lg.
799 3715 841 3770 pr.
860 3700 885 3754 3.
906 3700 931 3754 4.
948 3698 974 3755 6.
992 3698 1035 3754 35.
1053 3700 1096 3754 67.
1113 3697 1156 3754 69.
1175 3698 1218 3754 76.

168 3775 242 3834 vrci.
415 3799 427 3829 s
476 3784 479 3789 ⁴
1272 3786 1276 3791 '

241 3869 283 3925 68.
322 3874 441 3943 audiet]
468 3877 565 3947 scripsi
587 3895 624 3932 ex
643 3878 672 3932 Z.
692 3877 750 3933 Eri.
770 3863 818 3949 bg.
839 3880 946 3949 optimis
965 3880 989 3935 1.
1007 3880 1032 3934 3.
1050 3882 1067 3932 4
1085 3895 1154 3932 corr.
1173 3880 1215 3934 13.

169 3954 214 4009 31.
233 3955 276 4010 35.
295 3957 338 4012 36.
358 3959 401 4035 67.
420 3960 463 4015 69.
484 3960 535 4017 Gn.
554 3964 579 4017 3.
612 3961 652 4015 ita
669 3962 792 4030 sequitur
809 3968 871 4017 atet
885 3963 1056 4018 tenebimus.
1074 3992 1110 4004 -
1130 3974 1217 4033 'psto-

169 4042 265 4109 aiam]
291 4059 376 4111 picem
398 4043 449 4117 ng.
467 4047 492 4100 1.
512 4048 537 4100 3.
555 4049 572 4099 4
588 4064 660 4102 corr.
689 4049 740 4120 q'm
759 4050 832 4102 Vict.
850 4048 900 4101 Gu.
920 4050 946 4100 1.
964 4075 1000 4088 -
1034 4045 1101 4106 tris]
1121 4043 1219 4107 scripsi

170 4139 206 4181 es
228 4125 280 4181 ou.
301 4129 326 4182 1.
352 4127 402 4199 ug.
424 4131 450 4188 a.
471 4131 497 4185 o.
517 4132 560 4187 us.
579 4133 615 4195 no
632 4149 702 4191 corr.
724 4135 768 4189 sc.
786 4133 828 4186 ss.
847 4130 890 4184 or.
910 4129 952 4182 co.
971 4154 1007 4166 —
1024 4120 1153 4195 mutis]
1178 4118 1218 4164 ¹¹0
1337 4196 1344 4209 ,
