2980 4602
396 285 455 352 nn
481 261 861 354 onnronu‘umuo
881 286 905 354 1.
927 289 979 356 ue.
1139 292 1214 361 ma

168 453 422 552 testamentorum
438 458 607 541 [ruptorum
624 465 677 520 aut
690 458 837 535 ratorum]
861 426 1095 543 ceterarumque
1111 475 1214 521 rerum

176 571 443 638 innumerabilium
469 574 541 636 iura
566 583 743 650 versentur,
766 593 844 638 -cum
870 575 994 638 omnino
1025 572 1099 658 quid
1126 592 1215 637 suum

174 689 246 775 qnid
273 688 405 753 alienum
433 707 497 774 que
523 708 558 753 re
580 688 702 754 demum
723 691 804 755 civis
825 700 878 755 out
897 691 1081 774 peregrinus
1103 694 1214 756 seruus

171 815 222 871 aut
245 805 327 870 liber
352 806 507 891 quispiam
534 806 575 869 sit
600 807 738 890 ignoret,
765 806 900 890 insignis
927 814 975 870 est
995 806 1212 892 impudentiae.

168 921 240 989 171.
262 921 324 987 llla
343 941 420 990 vero
443 922 615 987 deridenda
637 924 820 1007 arrogantia
841 932 888 987 est
910 923 942 988 in
963 921 1135 988 minoribus
1156 941 1214 988 na-

164 1029 261 1126 uigiis
288 1038 398 1104 rudem
429 1058 501 1104 esse
529 1058 564 1104 se
592 1038 748 1116 confiteri,
781 1040 1011 1125 quinqueremis
1040 1040 1213 1105 autetiam

68 1230 71 1233 ,
163 1159 306 1223 maiores
337 1154 514 1240 gubernare
542 1155 701 1221 didicisse.
756 1154 806 1221 Tu
832 1155 908 1220 mihi
939 1175 1009 1221 cum
1034 1156 1068 1219 iu
1093 1155 1211 1222 circulo

163 1276 326 1361 decipiare
355 1272 530 1338 aduersarii
556 1270 808 1359 stipulatiuncula
836 1283 867 1339 et
893 1291 964 1338 oum
990 1269 1142 1355 obsignes
1162 1281 1211 1344 tu·
1314 1260 1317 1267 ⁴

161 1392 270 1458 bellas
294 1389 422 1467 clientis
438 1389 493 1464 tui,
514 1388 626 1473 quilius
647 1391 681 1453 in
700 1387 829 1454 tabellis
850 1389 883 1454 id
905 1390 946 1454 sit
967 1389 1123 1475 scriptum,
1149 1394 1211 1473 quo

160 1509 219 1575 ille
245 1509 401 1592 capiatur:
425 1503 562 1587 egotibi
583 1503 681 1569 ullam
700 1494 1000 1570 causam‘moiorem
1019 1505 1211 1572 committen-

74 1698 77 1715 ,
160 1626 241 1695 dam
266 1625 394 1709 putent
439 1612 538 1687 ciuus
558 1618 694 1685 Hercule
721 1621 766 1696 is,
793 1621 846 1711 qui
874 1619 1003 1691 duorum
1024 1616 1211 1691 scalmorum

161 1877 301 1927 nonest:
321 1882 349 1921 r.
370 1865 432 1922 lsid.
452 1862 545 1938 Origg.
561 1865 595 1920 V.
615 1865 657 1920 31.
685 1864 746 1920 Gai.
765 1863 798 1918 ll.
820 1864 876 1919 138.
901 1862 965 1923 lnst.
983 1862 1016 1920 ll.
1036 1865 1074 1919 tlt.
1095 1865 1142 1929 173
1162 1881 1213 1919 neo
1297 1920 1304 1936 ι

162 1950 358 2012 concinnitatis
375 1952 421 2004 lex
438 1952 568 2016 violatur,
586 1959 616 2002 ut
633 1945 873 2015 connerinensem,
892 1948 966 2017 quod
983 1945 1074 2014 lieret,
1091 1950 1115 2003 si
1132 1949 1211 2002 ulter«

163 2048 256 2095 utrum
272 2037 427 2091 adderetur.
463 2034 566 2090 Verum
584 2034 659 2103 quod
677 2039 813 2086 reiorum
832 2033 949 2101 quidem,
968 2033 1088 2087 sednon
1106 2039 1209 2106 rupio-

163 2141 235 2179 rum
253 2128 474 2179 testamentorum
493 2119 553 2171 iura
571 2125 649 2183 sunt,
672 2117 885 2171 additamentum
902 2118 998 2186 arguit.
1017 2144 1053 2162 -ε
1079 2117 1209 2184 dentum]

167 2225 228 2279 pro
239 2206 352 2274 vulgato
373 2203 498 2272 dentque
523 2202 620 2271 scripsi
644 2219 680 2254 ex
705 2200 754 2272 ng.
778 2203 846 2264 3,1.
868 2200 907 2256 13.
926 2202 968 2256 36.
997 2199 1048 2256 Gu.
1067 2202 1092 2255 3.
1121 2201 1158 2256 U.
1178 2201 1209 2255 Z.

166 2291 212 2350 Ea
231 2291 259 2342 in
277 2289 352 2342 libris
369 2304 425 2341 non
446 2303 510 2343 raro
531 2285 739 2343 confunduntur.
776 2285 834 2338 Sed
850 2285 921 2342 bene
937 2294 1046 2342 constat
1064 2285 1209 2344 sententia.

166 2373 320 2433 Quaeritur
336 2364 391 2440 quo
409 2370 492 2429 modo
511 2369 616 2423 demum
628 2369 721 2438 (deiru)
739 2370 807 2427 cirin
823 2367 882 2436 flat,
901 2369 924 2421 si
942 2369 970 2421 id
986 2376 1092 2438 agatur,
1109 2377 1140 2421 ut
1156 2366 1211 2420 hoc

29 2470 30 2495 ³
131 2507 134 2520 ,
167 2457 279 2514 sciatur.
298 2461 340 2514 1-
373 2455 456 2519 civis]
480 2457 526 2505 ius
551 2451 602 2507 Gu.
619 2455 644 2507 3.
661 2482 697 2492 -
727 2454 941 2525 impudentiae]
967 2452 1006 2504 sio
1031 2450 1082 2520 Lg.
1107 2465 1211 2513 omnes,

169 2543 188 2594 1
206 2557 224 2592 a
241 2556 276 2596 m.
293 2524 359 2596 scos
384 2535 483 2608 iupud.
504 2533 588 2594 615.
610 2536 648 2595 17.
666 2535 708 2594 til.
726 2537 824 2599 *Grom
849 2546 877 2589 ot
894 2536 930 2597 el,
952 2535 1014 2596 edd,
1036 2532 1134 2600 quaed.
1155 2535 1211 2585 im-

162 2624 354 2698 pmdeuiiae.

258 2740 316 2794 171.
354 2737 528 2806 deridenda]
546 2738 703 2793 irridenda
719 2726 771 2809 Lq.
789 2738 831 2793 31.
847 2765 883 2785 ι-
903 2735 1090 2806 arropanua]
1108 2733 1210 2805 udrop.

165 2828 217 2899 [ις.
245 2825 285 2881 17.
311 2823 355 2878 65.
383 2823 424 2878 76.
451 2823 492 2877 73.
518 2829 563 2875 eui
586 2841 690 2893 praem.
716 2825 758 2878 33.
782 2852 818 2864 —
849 2820 1079 2892 quinqueremis]
1102 2819 1142 2872 sic
1165 2826 1213 2872 aut

166 2915 293 2984 quinque
315 2912 407 2962 remis
432 2906 483 2978 Lg.
507 2908 532 2961 3.
551 2909 577 2960 1.
595 2907 636 2961 36.
652 2908 695 2962 36.
709 2908 751 2962 63.
764 2907 807 2962 81.
820 2905 861 2960 81.
887 2922 940 2974 quo
964 2904 999 2957 de
1023 2921 1054 2957 re
1075 2905 1212 2972 antiquam

166 2994 315 3051 accusotlvi
329 2993 490 3062 scripturam
504 2992 619 3047 restitui.
647 3009 687 3062 qn
705 2996 757 3063 qui
768 2992 834 3061 (lroc
848 2991 882 3046 al.
897 2991 945 3059 m.)
961 3006 1058 3043 remeo
1077 2989 1212 3051 (16.3,-

165 3078 310 3145 maiores]
328 3079 456 3130 maioris
473 3073 619 3147 Lg.5.1o.
637 3076 676 3129 17.
690 3065 787 3131 3165.
800 3076 842 3132 63.
858 3077 898 3129 76.
914 3077 956 3130 73.
969 3074 1011 3129 76.
1047 3071 1213 3128 maioribus

167 3166 210 3221 13.
245 3167 393 3226 maiorem
408 3160 451 3213 81.
487 3164 638 3212 maiorum
654 3159 689 3213 86
707 3176 776 3214 corr.
796 3161 858 3214 add.
877 3165 979 3213 uuoeie
995 3158 1090 3212 Lomb.
1110 3189 1141 3203 -ν
1169 3158 1212 3223 iu]

166 3257 232 3303 tum
252 3247 303 3317 Lg.
323 3245 393 3299 31.
417 3244 434 3297 5
454 3260 524 3298 oorr.
546 3243 691 3303 61311.
714 3243 754 3298 15.
776 3246 816 3300 16.
835 3244 877 3299 36.
895 3246 937 3299 31.
960 3243 994 3296 31
1011 3259 1081 3296 corr.
1105 3249 1152 3294 ¹iu
1171 3243 1211 3295 iu.

164 3336 209 3389 33.
233 3330 276 3391 36.
300 3329 343 3383 65.
366 3329 408 3383 67.
427 3327 471 3382 66.
491 3327 533 3382 70.
554 3329 596 3382 73.
619 3327 653 3381 76
669 3346 741 3384 corr.
771 3335 823 3382 iun
842 3327 910 3387 Vici.
940 3336 1010 3381 iuteo
1029 3327 1072 3381 93.
1094 3353 1130 3369 »-
1163 3322 1213 3377 de·

166 3417 295 3490 eipeiere]
320 3413 478 3485 decuplare
501 3411 552 3483 ng.
573 3414 613 3467 13.
639 3415 671 3467 11
691 3430 761 3467 corr.
783 3413 825 3467 36.
844 3414 886 3467 36.
906 3412 978 3465 Vict.
1015 3412 1167 3482 decipiare
1184 3425 1212 3468 v,

165 3503 202 3556 ad
220 3519 272 3572 mg.
295 3497 446 3568 decipiare
464 3496 515 3551 Gn.
532 3498 610 3553 3.-
635 3498 812 3566 adversarii]
832 3496 987 3550 adversari
1002 3495 1052 3565 Lg.
1071 3494 1152 3548 313.
1169 3494 1212 3548 33.

165 3586 209 3641 67.
238 3584 290 3639 Gu.
309 3583 334 3636 3.
356 3599 410 3635 orn.
428 3582 471 3635 33.
489 3612 525 3628 ν-
550 3589 580 3634 ei
599 3583 676 3649 cum]
694 3583 734 3635 sic
751 3581 800 3653 hg,
820 3598 912 3634 omnes
932 3591 975 3649 pr:
994 3579 1034 3642 13.
1055 3579 1097 3638 33.
1117 3595 1157 3648 pr.
1177 3594 1211 3637 m.
1250 3599 1285 3618 -·

166 3670 210 3724 ΑΙ.
233 3676 262 3722 et
280 3683 333 3721 om.
351 3698 382 3707 —
408 3665 555 3737 odsdpueo]
574 3665 609 3720 od
629 3671 759 3738 inciperet
777 3666 827 3737 ng.
847 3665 887 3721 13.
907 3662 996 3719 3681
1016 3681 1042 3721 v.
1057 3681 1083 3717 u.
1103 3670 1122 3722 t,
1140 3660 1212 3719 vict.

167 3757 300 3823 inciperes
320 3752 360 3808 16.
374 3779 409 3792 —
427 3755 460 3807 iu
473 3751 602 3819 tabellis]
620 3769 672 3806 orn.
686 3751 737 3823 hg.
749 3750 792 3805 81.
810 3750 881 3804 Vlot.
900 3748 952 3814 Gu,
968 3750 991 3802 1.
1003 3750 1027 3801 3.
1044 3747 1138 3801 flavo.
1152 3748 1175 3800 l.
1186 3744 1212 3803 3.

166 3838 229 3892 Ald.
244 3835 340 3906 Steph.
356 3836 418 3888 add.
433 3834 506 3890 Crat.
522 3833 599 3889 Man.
614 3835 660 3901 ol,
674 3853 701 3890 v.
714 3835 921 3906 explicationes.
951 3831 1061 3889 tubulis
1072 3830 1167 3885 Lemb.
1177 3856 1213 3878 -.

167 3924 237 3992 quo]
257 3920 336 3990 quod
355 3918 406 3973 Gu.
422 3921 447 3973 3.
461 3947 495 3959 -
513 3919 770 3987 committendam]
789 3935 882 3973 eoum.
897 3917 948 3988 Lg.
959 3915 1002 3976 69,
1032 3919 1211 3970 commiclen-

166 4006 282 4084 damu.
301 4035 335 4047 -
369 4002 496 4057 Hercule
515 4006 553 4073 io]
580 4004 706 4058 herculis
731 4004 783 4057 Gu.
802 4004 826 4057 3.
847 4030 882 4041 ·-
909 3995 1212 4066 scalmorumppsae

166 4106 302 4153 uterum,
331 4088 560 4152 reultriuoruur,
587 4088 795 4148 scaturierunt,
824 4083 1001 4161 reimerum,
1030 4078 1211 4136 coelicorum
1307 4108 1310 4112 -
