2938 4590
405 279 465 348 DE
493 278 722 347 ORATORE
749 278 875 347 unua
895 279 933 347 11.
954 278 1006 347 34.
1133 279 1231 355 280

147 446 151 451 ’
189 450 275 518 ntodi
301 458 385 526 sunt,
416 459 449 514 ut
482 467 524 514 ea
555 468 609 514 ras
635 450 707 536 ipsa
732 449 893 536 peperisse
921 447 1073 514 rideatur.
1103 411 1177 512 *dc
1203 446 1233 513 si

58 602 75 627 ··
188 587 297 635 verum
325 567 488 652 qnaeritis,
515 567 597 651 quod
623 565 699 632 mihi
725 567 849 653 quidem
872 548 1016 633 videatur
1037 563 1129 647 (nihil
1150 566 1234 631 euin

191 672 278 750 aliud
310 682 466 749 aiiimare
498 704 644 770 possum,
679 685 743 749 nisi
777 685 962 764 sementiam
995 693 1025 748 et
1056 683 1233 769 opinionem

190 802 322 883 meam),
348 800 408 867 hoc
434 802 668 867 instrumentum
690 820 857 867 causarum
883 810 914 864 et
939 795 1090 900 generum
1109 800 1234 864 univer-

104 909 105 912 '
192 939 297 985 sorum
323 920 357 982 in
378 918 479 983 iorum
501 917 623 983 deterre
646 916 794 983 debemus
815 937 932 1002 neque,
959 926 992 981 ut
1017 935 1158 1001 quaeque
1179 933 1233 981 res

191 1036 299 1102 delata
326 1035 368 1100 ad
387 1054 447 1100 nos
475 1016 547 1112 erit,
572 1045 635 1123 turn
662 1033 795 1120 denique
818 1014 1077 1111 scrutari‘locos
1105 1053 1144 1099 eu
1165 1034 1234 1118 qui·

186 1152 250 1219 ‘bus
278 1162 463 1237 argumenta
490 1170 655 1230 eruamus3
683 1171 762 1236 quae
789 1152 912 1237 quiden
935 1150 1092 1228 omnihus,
1119 1151 1234 1237 quiea
1297 1184 1301 1187 ·

172 1254 391 1339 ,mediocriter
422 1268 514 1334 modo
543 1268 785 1346 considerarim,
818 1270 936 1335 studio‘
952 1260 1091 1335 adhibito
1120 1277 1151 1332 et
1175 1286 1235 1333 usu

190 1396 381 1489 pertractata
406 1406 479 1451 esse
505 1396 655 1472 possunt,
688 1386 745 1451 sed
771 1396 875 1451 tamen
904 1388 1025 1452 animus
1050 1385 1234 1451 referendus

192 1503 243 1572 est
268 1505 309 1571 ad
331 1523 372 1571 ea
393 1505 507 1588 capita
523 1512 554 1567 et
576 1503 618 1567 ad
638 1502 728 1579 illos,
755 1521 834 1586 quos
861 1486 968 1589 saepe*
983 1506 1047 1569 iarn
1069 1502 1235 1588 appellari,
1314 1534 1316 1539 >
1346 1488 1348 1495 ¹

84 1644 108 1708 ᾗ
192 1622 300 1700 locos,
332 1642 372 1687 ex
403 1618 515 1706 quibus
548 1620 655 1685 omnia
689 1615 743 1684 ad
757 1638 878 1684 ornnem
908 1616 1080 1685 orationern'
1109 1622 1237 1685 inventa
1355 1682 1362 1691 ,

194 1719 354 1805 ducuntur.
412 1736 483 1803 147.
519 1736 621 1822 Atque
652 1734 713 1802 hoc
742 1746 839 1801 toturn
875 1745 923 1801 est
956 1738 1023 1801 sive
1057 1738 1134 1802 artis
1167 1739 1235 1803 sive

195 1857 479 1927 animadversionis
501 1856 570 1920 sive
592 1853 825 1920 consuetudinis
847 1872 943 1920 nosse
965 1854 1127 1937 regiones,
1153 1856 1236 1920 intra

89 2057 95 2067 Ι
194 1993 272 2060 quas
293 1993 408 2038 venere
436 1982 466 2038 et
491 1973 686 2058 pervestiges
713 1970 797 2057 quod
820 1989 966 2055 quaeras.
1010 1968 1068 2035 Ubi
1096 1991 1166 2035 eum
1185 1971 1235 2037 lo·
1342 2004 1346 2009 ¹

194 2111 263 2157 cum
284 2111 406 2158 omnem
433 2091 634 2173 cogitatione
651 2091 825 2176 saepseris‚
853 2090 881 2153 si
903 2088 994 2154 rnodo
1021 2056 1235 2181 usufflrernnt

195 2322 247 2376 Gn.
265 2321 290 2375 3.
309 2349 344 2362 -
379 2324 412 2374 io
435 2277 565 2391 infinito]
589 2326 621 2374 in
645 2339 698 2376 orn.
724 2288 821 2392 Lgsi.
844 2320 869 2375 3.
895 2323 920 2375 4.
943 2322 979 2376 6.,
995 2321 1035 2376 13.
1059 2322 1102 2375 al.
1126 2321 1168 2376 34.
1193 2321 1235 2379 36.

195 2406 247 2459 Gn.
266 2405 291 2460 3.
309 2435 343 2444 -
366 2407 439 2473 otta]
453 2410 560 2476 posito
576 2405 628 2475 ng.
644 2404 670 2460 3.
700 2405 906 2460 1611163.-
933 2405 1125 2478 descriptam]
1143 2409 1237 2477 aerip-

196 2498 262 2545 mm
278 2489 412 2629 14416636
422 2574 598 2645 -port‘enfl
614 2556 712 2627 'nescio
728 2574 792 2642 qnid
812 2573 856 2627 hio
868 2573 968 2626 vitiosi·
979 2573 1123 2642 reperiens
1134 2572 1238 2628 Baitios

196 2661 309 2730 corrigit
326 2675 418 2727 eoque
429 2659 568 2727 (materia)
585 2661 617 2711 vt
634 2674 689 2710 suo
705 2657 795 2711 verbo
806 2660 918 2729 ponet.
929 2685 965 2696 -
981 2657 1029 2723 eo]
1046 2658 1086 2710 sio
1100 2658 1239 2730 vulgatum

196 2761 249 2797 eae
272 2744 383 2797 correxi
409 2760 444 2796 ex
466 2741 517 2812 lig.
542 2741 666 2795 ornnibus
692 2750 720 2795 et
745 2742 797 2796 Gn.
820 2741 913 2796 tribus.
955 2739 1108 2797 'i'ransitur¹
1122 2761 1140 2796 a
1163 2752 1238 2798 certo
1340 2746 1351 2765 ⁴

196 2829 319 2889 subiecto
343 2828 379 2880 ad
401 2824 550 2880 infinitum:
576 2844 602 2880 v.
622 2827 822 2896 explicationes
844 2825 1083 2894 666616-
1104 2829 1239 2900 parient]

197 2913 324 2985 4161731.
344 2911 393 2982 ng.
414 2928 524 2977 omnes,
548 2911 610 2965 edd.
634 2912 698 2967 inde
719 2912 754 2966 ab
770 2912 851 2965 Aldo.
879 2915 1008 2983 portant
1030 2911 1054 2966 3.
1075 2912 1122 2967 33-
1135 2913 1176 2967 81.
1195 2913 1238 2967 33.

197 2996 285 3050 Havn.
303 2996 325 3050 1.
340 2996 365 3048 3.
384 2995 435 3050 Go.
450 2996 475 3051 3.
503 3001 628 3068 rapiant
645 2996 696 3051 Gn.
719 2996 730 3048 1
752 2999 839 3065 (errat
856 2997 963 3064 fleur).
980 2996 1031 3068 Lg.
1045 2997 1088 3050 84.
1119 3001 1240 3069 raptent

198 3101 225 3133 α.
247 3081 317 3134 aiter
341 3080 438 3150 Steph.
465 3089 492 3133 et
509 3080 573 3136 sch.
599 3099 655 3134 uon
679 3081 899 3136 animadvertens
921 3082 975 3135 ioci
1000 3086 1066 3135 ase
1089 3084 1242 3151 comparati

194 3164 256 3219 un.
274 3163 321 3218 111.
339 3165 371 3230 5,
389 3163 431 3220 19.
454 3165 666 3218 diversissimam
689 3167 824 3239 rationem
846 3184 915 3221 esse.
933 3194 969 3208 ·-
996 3167 1144 3221 eiusmodi
1160 3167 1240 3234 suot]

120 3252 123 3263 ¹
196 3267 219 3304 e.
239 3253 301 3303 sint
322 3247 372 3319 Lg.
391 3247 416 3303 3.
441 3248 537 3303 Lami).
561 3251 600 3302 ita
616 3268 644 3304 v.
664 3250 707 3309 32,
723 3279 759 3290 -
787 3252 922 3322 poserem]
944 3255 1058 3322 possim
1077 3251 1126 3321 Lg.
1145 3250 1188 3306 33.
1204 3280 1241 3292 -

197 3338 230 3387 in
252 3331 366 3402 forum]
392 3350 489 3386 errore
514 3342 630 3404 propter
652 3336 747 3405 priora
769 3352 822 3388 om.
840 3333 897 3404 Lg.
920 3334 945 3388 3.
971 3336 997 3387 4.
1018 3334 1057 3388 13.
1091 3334 1143 3389 Gn.
1162 3335 1187 3390 3.
1205 3365 1241 3378 --

197 3416 327 3485 deferre]
350 3416 464 3486 referre
486 3417 536 3489 Lg.
555 3420 581 3472 4.
598 3446 634 3458 -
665 3418 901 3485 considerarent]
924 3419 1123 3485 considerauit
1148 3419 1198 3490 Lg.
1215 3420 1241 3477 3.

198 3501 426 3556 considerantur
445 3502 495 3556 Gn.
515 3503 540 3557 3.
561 3533 592 3544 -
617 3502 671 3555 sed
687 3504 799 3570 tomen]
819 3502 951 3555 sedtum
968 3502 1018 3573 Lg.
1033 3503 1057 3557 3.
1074 3505 1098 3558 4.
1119 3521 1154 3558 ex
1172 3506 1243 3558 maie

198 3586 339 3641 intellecto
357 3587 495 3641 scribendi
513 3587 685 3656 compendio.
704 3616 741 3626 -
769 3588 928 3654 ducuntur]
948 3586 1086 3640 dicantur
1103 3588 1154 3643 Gn.
1173 3589 1199 3643 3.
1216 3588 1241 3648 d.

288 3671 345 3726 147.
382 3676 442 3725 sive
460 3671 693 3743 consuetudinis]
717 3688 768 3724 orn.
787 3670 838 3741 ng.
857 3671 881 3724 2.
902 3673 926 3726 4.
947 3670 1121 3728 13336116.
1145 3672 1197 3726 Gu.
1217 3672 1242 3728 3.

114 3750 120 3756 ’
197 3759 261 3810 sive
279 3773 332 3810 om.
350 3755 392 3810 36.
418 3756 545 3825 idemque
563 3750 810 3809 consuetudinem.
831 3786 862 3799 -
891 3758 1006 3824 ocrem]
1026 3761 1123 3826 ventre
1147 3757 1198 3811 Gn.
1217 3757 1243 3811 3.

196 3840 247 3911 ¹²8ae
266 3841 291 3893 4.
311 3840 336 3896 5.
354 3840 379 3895 6.
405 3838 504 3893 1314.
529 3839 568 3892 15.
589 3838 629 3892 16.
653 3839 688 3892 33
705 3857 774 3910 corr.
798 3848 828 3893 ut
846 3840 903 3906 17„
928 3842 956 3893 in
980 3857 1034 3909 quo
1059 3850 1100 3895 est
1120 3844 1243 3894 veneno.

198 3924 364 3995 Cogi-tabant
381 3924 415 3977 de
432 3924 586 3987 veniendo,
604 3925 678 3977 unde
693 3924 869 3994 interpolatio
888 3925 1013 3994 prosecta
1028 3923 1245 3979 ueniredebeat

196 4009 224 4062 in
241 4008 293 4080 Lg.
312 4009 338 4063 2.
357 4008 399 4062 35.
418 4007 460 4061 36.
478 4038 514 4050 ·-
542 4010 588 4076 et]
612 4027 666 4064 om.
684 4009 734 4080 hg.
753 4009 778 4061 2.
802 4008 844 4063 35.
862 4008 904 4063 36.
924 4009 967 4063 63.
990 4008 1032 4063 81.
1051 4008 1094 4063 93.
1130 4015 1164 4061 nt
1183 4009 1244 4062 Atd.

197 4092 268 4150 lunt.
287 4092 532 4150 111661311ιί1-
560 4093 627 4164 ubl]
651 4098 731 4149 enim
753 4093 828 4149 addit
851 4092 999 4163 1133.-
1028 4107 1115 4144 usam
1133 4091 1244 4155 rerum]
1327 4085 1339 4103 “
