2938 4590
385 282 448 385 ¹us
477 312 703 399 curicus
731 313 856 384 uuus
877 314 914 384 ιι.
936 317 988 384 ur.
1119 316 1224 391 seo.

91 551 101 561 ,
166 487 252 576 quud
278 497 311 553 tc
337 483 413 552 urllri
439 484 569 563 tribuis,
596 484 730 563 Antoni,
759 484 879 552 (lrascc
905 495 954 552 est
979 485 1115 552 emnium
1142 502 1215 551 serr·
1271 480 1275 489 ’

167 615 267 679 tentia
286 613 527 679 concedendum.
571 607 642 683 Nou
663 613 745 676 euim
767 611 834 677 lere
857 614 1021 698 quisquam
1042 612 1215 699 reperietur

167 748 292 825 practer
311 736 392 804 lunc
414 712 452 803 iu
467 746 598 823 utroque
620 755 737 823 genere
759 736 877 824 leporis
899 736 1068 815 excellens,
1094 747 1125 831 et
1145 735 1212 814 illc,

169 863 251 949 qued
273 865 306 928 iu
326 866 527 951 perpetuitate
551 863 719 940 sermonis,
743 861 870 940 etheo,
893 864 974 950 quod
997 866 1030 928 iu
1051 861 1212 929 celeritate

166 999 262 1075 ‚atque
289 989 371 1067 dicte
393 998 451 1053 est.
494 989 568 1052 221.
602 986 682 1052 Nam
702 987 782 1055 haec
803 1000 953 1078 perpetua
980 1000 1090 1055 contra
1112 986 1213 1054 Scae-

130 1113 273 1186 avclaur
290 1092 428 1179 curiana
444 1113 587 1178 defensio
609 1123 676 1179 tcta
696 1111 881 1192 redundavit
901 1113 1059 1202 hilaritate
1078 1112 1214 1199 quadam

72 1310 80 1323 ι
168 1249 199 1304 et
225 1241 313 1317 i0c03
345 1240 429 1305 dicta
459 1237 518 1304 illa
549 1238 660 1305 brevia
689 1260 753 1305 non
779 1239 896 1306 habuit.
948 1238 1106 1306 Parecbat
1130 1241 1213 1305 enim

169 1364 344 1431 adversarii
372 1365 530 1449 dignitati,
563 1366 596 1430 in
623 1384 683 1451 quc
717 1368 783 1451 ipse
815 1364 961 1432 servabat
987 1385 1096 1444 suatur
1128 1362 1213 1451 quod
1248 1434 1259 1453 ι

168 1500 217 1555 cst
243 1489 420 1556 homiuibus
448 1490 561 1555 facetis
589 1500 620 1555 et
648 1489 810 1555 dicacibus
836 1490 1068 1567 difficillimum,
1094 1487 1213 1555 habere

167 1612 327 1681 homiuum
351 1616 505 1680 rationem
532 1625 563 1680 et
588 1624 759 1700 temporum
786 1624 818 1680 et
843 1634 897 1692 ea,
930 1634 1010 1699 quae
1039 1621 1212 1691 occurrunt,

171 1759 243 1805 cum
275 1738 451 1804 salsissime
483 1739 545 1805 dici
570 1749 715 1827 possunt,
745 1749 863 1805 tencre.
910 1737 1018 1824 ltaque
1048 1735 1216 1804 nonnulli
1252 1756 1255 1763 ‘

90 1974 95 1978 “
170 1981 213 2026 est
230 1969 298 2027 lt...
319 1990 388 2029 corr.
408 1971 445 2027 1ιό
464 1983 491 2027 et
509 1993 571 2046 exp.
592 2004 627 2014 -
645 1972 768 2047 leporis]
786 1977 931 2029 sermonis
948 1973 998 2048 [ις.
1013 1975 1055 2030 76.
1068 2001 1104 2015 —-
1122 1968 1213 2044 quod]

170 2055 215 2110 lric
232 2074 353 2111 meorum
373 2059 425 2112 soll
441 2056 482 2114 84.
502 2058 552 2124 93;
578 2060 680 2133 primus
696 2046 742 2113 'ita
760 2060 868 2113 dedisse
886 2058 995 2114 videtur
1013 2054 1125 2131 stapla,
1148 2059 1211 2113 dein

149 2168 155 2175 ,
172 2142 232 2197 Ald.
250 2141 328 2196 Man.
346 2141 441 2198 Lami).
459 2144 535 2199 Grut.
551 2145 634 2198 etsie
648 2144 742 2215 vulgo.
768 2142 855 2199 Codd.
875 2146 928 2198 urei
945 2146 1030 2198 ceteri
1044 2148 1113 2215 qut,-
1130 2143 1211 2198 etiarn

163 2226 224 2282 ‘Ga
239 2228 263 2281 3.
283 2228 329 2296 (ln
353 2227 405 2280 Gu.
424 2227 449 2280 9.
474 2246 524 2297 pro
549 2228 628 2297 quod
649 2231 681 2282 tn
705 2236 746 2280 est
768 2226 1079 2298 qucddzquodum).
1116 2229 1212 2282 Altero
1315 2276 1320 2283 .

170 2321 262 2365 autem
280 2312 344 2363 loco
360 2310 439 2379 quod
456 2320 545 2364 exstat
567 2311 595 2363 iu
614 2310 666 2365 Gu.
685 2312 710 2365 3.
735 2309 785 2380 Lg.
804 2309 829 2364 2.
849 2312 890 2364 13.
906 2311 950 2364 96.
968 2311 1002 2364 39
1019 2328 1090 2371 corr.
1108 2311 1150 2366 36.
1168 2311 1211 2366 36.

170 2395 214 2449 69.
233 2393 275 2448 st.
294 2393 338 2448 93;
359 2410 411 2446 cm.
430 2392 597 2446 14161.-
624 2394 724 2463 alque]
742 2409 779 2446 ac
796 2393 847 2464 Lg.
864 2392 907 2448 81.

258 2527 318 2581 991.
355 2527 470 2593 contra]
488 2530 521 2579 lc
538 2524 587 2598 Lg.
601 2525 625 2581 9,
643 2526 683 2581 13.
699 2525 741 2582 36.
759 2544 811 2580 cm.
826 2524 935 2583 39166.
953 2536 982 2581 ut
993 2527 1020 2601 2.
1041 2534 1069 2582 et
1080 2542 1139 2584 var.
1155 2533 1213 2591 rat.

171 2633 226 2670 om.
244 2613 298 2667 Gu.
310 2615 336 2668 3.
365 2610 397 2665 ld
414 2628 475 2665 cum
491 2610 632 2664 latinitatis
648 2612 709 2682 lege
726 2609 863 2666 conciliari
882 2626 962 2681 posse
980 2629 1036 2665 uon
1054 2608 1170 2668 videtur.
1182 2638 1213 2659 -ι

128 2703 132 2712 “
173 2700 252 2767 tuta]
270 2716 345 2768 petae
363 2703 427 2751 totu
444 2695 493 2767 Lg.
510 2695 550 2749 14.
564 2694 660 2751 9193.
676 2697 719 2751 67.
746 2696 823 2751 Haec
840 2696 977 2750 sententia
992 2697 1031 2749 ita
1048 2695 1216 2754 contrahitur

172 2787 200 2839 iu
221 2784 261 2839 13.
282 2782 329 2837 15:
355 2796 430 2852 puae
452 2786 517 2833 tota
542 2778 727 2834 hilaritatem
748 2796 807 2835 non
829 2777 944 2845 tuderti,
972 2790 1000 2835 et
1021 2781 1048 2835 in
1065 2782 1114 2836 362
1140 2791 1215 2852 quae

172 2876 237 2922 totu
256 2868 426 2921 claritatem
444 2882 503 2918 noa
521 2864 633 2919 habult.
649 2895 685 2906 -
707 2869 739 2921 tn
757 2883 814 2936 quo
832 2868 908 2939 iptse]
926 2864 962 2919 ad
979 2866 1141 2921 seutentiam
1158 2882 1213 2925 noti

172 2956 260 3007 miuus
283 2953 385 3005 bouum
408 2950 532 3019 qrraruvis
555 2948 630 3003 aliud
648 2949 805 3021 significaris
829 2959 871 3004 est
888 2954 969 3023 ipsso,
993 2959 1023 3005 ut
1040 2952 1169 3023 scriptum
1186 2954 1213 3009 in

174 3038 264 3092 llavn.
283 3037 305 3090 l.
325 3035 377 3091 Gn.
396 3034 418 3089 l.
434 3034 459 3086 2.
480 3034 550 3088 Vici.
565 3055 592 3088 u.
611 3034 660 3106 Lg.
674 3035 826 3106 plerisque,
844 3037 916 3105 quod
935 3044 1099 3107 receperunt
1114 3037 1214 3093 Pearc.

64 3179 74 3196 ,
172 3123 239 3178 Bru.
258 3121 342 3175 llenr.
367 3119 492 3173 Praetuli
504 3115 595 3172 tumen'
608 3136 662 3173 ucn
680 3123 838 3190 pauciorum
851 3113 1032 3175 cimeliorum
1044 3122 1214 3192 scripturam,

173 3207 263 3262 Havn.
283 3203 439 3259 &duobus
462 3204 502 3258 St.
526 3203 620 3258 Mead
645 3204 720 3258 Harl.
741 3203 806 3259 19.
833 3204 911 3259 Cant.
939 3205 969 3259 Ζ.
984 3211 1010 3272 β.
1025 3225 1052 3275 y.
1068 3206 1094 3260 d.
1108 3225 1130 3261 ε.
1155 3204 1213 3263 Est.

173 3291 223 3362 ug.
241 3290 267 3344 e.
287 3287 446 3344 13.-1711.
467 3271 692 3343 tratactu
712 3287 746 3342 rc
771 3289 813 3343 sr.
850 3287 881 3341 ιιι
902 3289 954 3344 cu.
971 3289 996 3343 s.
1016 3298 1045 3343 a
1064 3289 1122 3363 apr,
1145 3292 1215 3346 virro

173 3392 210 3429 ex
226 3372 389 3444 compendio
407 3382 468 3426 orto
489 3372 538 3445 1ρε
555 3391 577 3428 s.
597 3372 652 3444 t‘p'tc.
690 3376 755 3446 ipsu
772 3389 842 3428 corr.
861 3376 922 3445 ipsi
937 3372 979 3427 93.
998 3403 1034 3414 ν·-
1063 3371 1212 3444 servabat]

174 3463 328 3512 coacervat
344 3457 394 3528 hg.
406 3457 432 3510 2.
443 3459 468 3510 4.
480 3457 520 3512 13.
533 3457 567 3510 39
577 3474 647 3511 corr.
659 3456 701 3511 36.
723 3457 774 3511 Gu.
786 3458 811 3511 3.
828 3488 859 3498 -
879 3455 997 3524 habere]
1016 3456 1068 3512 om.
1081 3456 1132 3530 Lg.
1144 3460 1169 3515 4.
1179 3488 1214 3501 -

174 3543 346 3609 communi]
371 3541 410 3595 sic
435 3559 486 3611 pro
503 3542 615 3612 vulgato
639 3544 796 3594 occurrant
816 3542 879 3595 dedi
901 3558 937 3594 ex
953 3537 1003 3614 Lg.
1022 3543 1046 3596 4.
1065 3540 1092 3597 6.
1111 3544 1151 3599 13.
1174 3545 1214 3598 14.

173 3624 395 3681 113170.-
418 3627 563 3697 possunt]
586 3625 683 3694 scripsi
706 3642 742 3677 ex
765 3624 814 3697 ug.
833 3624 858 3680 9.
878 3627 903 3679 4.
929 3623 968 3679 13.
991 3625 1029 3681 ll.
1051 3627 1089 3682 15.
1111 3626 1151 3682 16.
1172 3627 1213 3682 17.

173 3710 217 3765 96.
235 3710 278 3763 91.
295 3709 337 3765 93.
355 3711 398 3763 94.
423 3709 466 3764 39.
484 3706 526 3763 66.
550 3708 593 3762 67.
612 3707 653 3762 69.
675 3706 903 3765 76737666.
925 3709 967 3765 93.
993 3711 1083 3765 estid
1108 3708 1175 3767 ὅταν
1192 3731 1217 3767 τι

173 3792 290 3864 δύνηται
308 3798 448 3865 λέγεσθαι.
497 3792 541 3847 Ne
565 3789 589 3845 sl
614 3792 740 3859 quidem,
766 3802 795 3848 ut
818 3794 971 3865 proximum
995 3799 1155 3851 occurrant
1175 3811 1217 3850 re·

174 3882 305 3947 tineatur,
321 3877 497 3933 coniunctivo
517 3894 587 3946 opus
606 3873 655 3930 est.
691 3876 805 3932 Fallitur
821 3880 902 3946 enim,
921 3880 945 3933 sl
964 3882 1023 3949 quis
1040 3880 1113 3933 huuc
1129 3880 1217 3950 ipsum
1311 3878 1315 3889 “

173 3964 307 4018 orationis
335 3963 465 4030 obliquae
490 3978 552 4015 esse
575 3969 602 4014 et
625 3960 659 4013 ab
683 3961 821 4018 iuilultlvo
837 3956 965 4035 ¹pendere
987 3964 1136 4027 existiman
1166 3980 1216 4031 po·

172 4049 314 4103 tentialem
331 4048 441 4101 modum
462 4062 523 4098 esse
545 4053 572 4098 et
594 4044 749 4115 siguificare
773 4065 830 4101 rem
852 4048 991 4102 fortuitam
1009 4053 1130 4116 oportet,
1149 4042 1217 4097 ἅττα

155 4128 211 4213 ,ἄν
228 4130 312 4203 τύχω.
330 4161 365 4173 -
388 4147 446 4185 non
462 4129 553 4196 ttulit]
570 4130 609 4183 sic
628 4130 735 4183 dlvlslm
754 4130 803 4200 bg.
821 4131 846 4186 9.
864 4129 907 4183 67.
926 4131 967 4182 76.
985 4128 1027 4180 84.
1071 4147 1079 4170 r

948 4227 1029 4286 22.
