2942 4608
359 339 418 405 on
447 336 826 432 oaanoananana
848 339 900 408 ιιι.
921 343 973 408 21.
1084 302 1181 444 ess

43 500 51 505 ”
137 514 168 578 si
190 494 292 576 minas
315 508 374 576 erit
395 508 513 587 doctas,
537 518 673 575 attamen
694 510 728 575 in
749 507 882 576 dicendo
904 510 1102 587 exercitatas,
1123 505 1184 574 bac

137 631 211 716 ipsa
236 628 458 693 exercitatione
487 628 642 692 communi
668 629 747 692 istos
774 626 899 713 quidem
922 624 1102 693 verberabit
1127 644 1184 691 ne·

139 765 200 831 que
222 765 258 810 se
281 743 380 808 abiis
401 746 558 809 contemni
580 763 619 810 ac
640 743 760 830 despici
782 744 872 809 sinet.
913 743 966 808 89.
990 741 1048 808 Sin
1069 742 1184 828 aliquis

137 841 290 929 exstiterit
322 860 511 947 aliqnando,
548 863 600 947 qui
631 861 817 929 Aristotelio
850 881 936 928 more
970 859 1009 926 de
1042 859 1184 927 omnihus

138 979 234 1064 rebus
255 976 289 1043 in
305 987 468 1062 utramqm
489 986 609 1063 partem
629 981 731 1065 possit
752 981 857 1046 dicere
880 988 910 1045 et
930 977 1064 1043 inomni
1087 996 1186 1042 causa
1251 1014 1254 1023 .

138 1098 220 1183 duas,
234 1096 419 1175 ‚addititias
442 1096 602 1175 unitiones
622 1099 799 1184 praeceptis
820 1096 907 1161 illias
930 1095 1064 1178 cognitis
1086 1093 1185 1183 mpli-

133 1234 230 1304 mre,
258 1223 311 1278 ant
333 1214 394 1276 hoc
415 1210 582 1277 Arcesilae
605 1213 697 1280 modo
719 1224 750 1279 et
772 1213 928 1280 Carneadi
953 1221 1062 1278 contra
1084 1230 1185 1287 omne.

139 1330 224 1418 qnod
249 1329 439 1416 propositum
467 1329 522 1405 sit,
557 1328 693 1396 disserat
719 1333 901 1429 quique
865 1330 917 1424 ad
934 1348 1005 1425 eam
1031 1330 1186 1425 rationem

140 1448 296 1543 Q
313 1445 395 1510 bunc
419 1443 627 1526 [rhetoricum]
650 1467 740 1537 usum
738 1416 963 1535 [moremque]
987 1420 1187 1513 exercitatio·

102 1562 107 1569 ’
139 1583 272 1650 nemque
294 1561 437 1628 dicendi:
450 1563 494 1628 is
516 1563 557 1628 sit
577 1582 681 1641 verus,
703 1566 731 1639 is
753 1566 924 1652 perlectus,
952 1565 981 1629 is
1004 1563 1091 1629 solus
1113 1562 1208 1655 ora-¹

140 1796 263 1852 Haecine
281 1788 366 1866 genus
384 1796 465 1849 etiam
482 1793 612 1849 hiscere
605 1811 630 1848 ιιι
650 1794 793 1848 literisi-
814 1812 851 1851 ac
869 1795 998 1867 despici]
1017 1795 1187 1867 despiciqae

141 1881 192 1953 Lg
213 1887 322 1950 praeter
340 1876 380 1933 76.
398 1878 440 1935 81.
461 1879 504 1932 st.
511 1896 653 1949 ,quorum
671 1887 761 1933 tamea
780 1864 850 1934 alter
868 1885 957 1949 aipue
975 1880 1072 1951 desp,
1093 1880 1188 1935 tertius

139 1983 194 2020 nec
219 1965 300 2035 desp.
326 1962 423 2028 habet3
451 1980 542 2034 nepae
570 1962 608 2017 ab
634 1962 752 2035 despici
779 1964 831 2017 Ga.
850 1962 875 2018 3.
915 1961 988 2018 Mihi
1012 1980 1049 2017 ac
1074 1963 1190 2036 despici

140 2049 300 2123 glossatoris
317 2048 435 2101 videtur.

225 2133 267 2188 89.
304 2132 471 2199 exstiterit]
490 2134 610 2184 eastitit
634 2129 685 2201 lig.
703 2128 728 2184 6
753 2148 768 2183 s
791 2130 836 2184 bic
853 2130 974 2185 additum
992 2129 1186 2185 monstrant3.

138 2221 218 2274 5.-
242 2216 426 2283 Aristotelio]
454 2202 644 2269 Aristotelian
669 2213 719 2284 Lg
739 2216 764 2268 3
790 2216 829 2269 15.
855 2214 899 2268 31.
917 2215 958 2270 76.
978 2214 1020 2268 84
1044 2212 1123 2269 Man.
1149 2216 1188 2268 ita
1302 2204 1307 2219 '

140 2322 211 2359 corr.
227 2302 269 2355 31.
288 2318 315 2354 v.
330 2297 400 2352 adl.
418 2296 469 2362 31,
486 2297 578 2349 98.-
599 2301 632 2350 in
648 2302 803 2365 miransque
815 2299 948 2370 partem]
966 2298 1005 2350 sic
1022 2297 1116 2351 Lomh.
1136 2295 1186 2351 Or.

140 2386 304 2450 firmantque
321 2398 394 2435 nunc
410 2379 460 2453 ng.
473 2378 497 2433 3.
514 2379 539 2433 5.
551 2379 595 2434 3·3
611 2379 653 2434 73
668 2379 711 2434 83.
730 2382 770 2433 ita
785 2374 856 2434 corr.
872 2379 915 2435 81.
947 2385 980 2433 in
995 2386 1052 2433 atr.
1067 2386 1188 2451 partem

143 2464 391 2522 sententiamduo
407 2463 503 2516 Lamh.
521 2434 612 2526 codd,
628 2461 689 2515 Pal.
704 2462 770 2535 33.
789 2463 885 2516 Mead.
905 2462 1061 2530 Ηιιι1.3.β.
1077 2475 1109 2531 ψ.
1128 2463 1186 2519 tart.

141 2553 193 2624 Lg:
212 2554 237 2607 6.
263 2549 303 2604 18.
326 2547 368 2603 30.
394 2547 466 2600 Vici.
490 2546 529 2598 ita
545 2562 616 2599 corr.
635 2545 676 2599 35.
709 2551 830 2618 parient
855 2542 925 2599 corr.
945 2552 1123 2600 sententiam
1146 2547 1187 2603 15.

144 2641 175 2692 in
192 2643 349 2703 atramque
367 2633 546 2685 sententiam
562 2628 651 2683 Hera.
672 2629 694 2684 l.
712 2630 738 2683 3.
763 2629 813 2701 Lg.
831 2630 931 2695 ceteri,
950 2631 1001 2684 Gn.
1021 2629 1044 2685 l.
1063 2629 1088 2685 3.
1107 2631 1141 2685 al.
1161 2640 1189 2684 et

144 2722 227 2792 vulgo
246 2719 280 2772 ab
299 2717 379 2770 Aldu.
398 2745 434 2756 —
462 2714 629 2783 Carneadi]
641 2715 687 2767 ‘sic
704 2714 756 2768 Gn.
773 2715 796 2769 l.
816 2714 841 2768 3.
860 2713 930 2768 Vict.
951 2713 1002 2785 ng.
1022 2731 1129 2781 omnes,
1147 2732 1189 2768 re·

142 2806 283 2872 stituitque
305 2801 406 2864 lleur.;
431 2815 459 2852 ν.
484 2799 623 2868 explicuit.
649 2800 682 2852 ad
707 2798 727 2853 l.
753 2799 802 2864 19,
820 2798 863 2852 88.
880 2827 916 2838 -
945 2798 1089 2869 adianpai
1113 2797 1190 2854 hanc

141 2889 323 2945 rhetoricum
345 2901 432 2938 asam
452 2899 621 2952 morernpne
643 2886 943 2952 exercitationemque
962 2882 1098 2951 dicendi]
1121 2883 1191 2941 baec

55 3001 57 3010 =
142 2968 336 3047 plerorumque
353 2969 483 3021 librorum
499 2967 635 3036 scriptura
652 2968 714 3038 plus
733 2985 787 3022 uno
806 2959 917 3021 nomine
933 2967 1004 3022 ialsa
1020 2975 1069 3022 est.
1098 2969 1123 3021 A
1136 2967 1188 3039 ng.

141 3059 168 3112 6.
185 3058 226 3111 15.
239 3055 281 3110 67.
297 3055 338 3108 73.
350 3051 393 3107 83.
413 3053 500 3106 verba
518 3051 553 3104 ah
567 3051 713 3122 adiunpat
731 3068 817 3121 usque
834 3051 869 3105 ad
888 3055 1188 3123 exercitationemque

143 3143 255 3205 absunt3
274 3141 577 3206 exercitationemque
595 3135 672 3189 abest
689 3155 707 3189 a
722 3135 772 3207 ng.
792 3136 834 3189 35.
869 3135 992 3189 Primum
1009 3135 1189 3191 rhetoricum

144 3226 208 3282 Sch.
235 3225 294 3277 iure
312 3224 408 3288 eiecit,
432 3220 654 3279 lienasectustt.
690 3219 763 3274 Nam
781 3221 942 3293 disciplina
964 3219 1102 3273 rhetorum
1120 3230 1190 3287 erat,

143 3328 198 3365 ιιοιι
221 3326 309 3372 amis,
336 3307 382 3375 qui
409 3305 436 3359 ia
454 3304 516 3358 toro
535 3305 761 3375 comparaticium
786 3323 839 3359 nec
854 3307 939 3375 magis
957 3302 1060 3356 rhetor
1077 3320 1189 3372 usquam
1212 3340 1216 3343 -

144 3412 194 3465 pro
209 3400 329 3447 oratore
346 3391 393 3445 vel
409 3387 576 3443 rhetoricas
593 3406 643 3459 pro
658 3393 794 3443 oratorio
813 3389 918 3442 dicitur.
943 3386 976 3441 V.
992 3387 1189 3456 explicationes

144 3478 180 3531 acl
197 3477 231 3531 11.
249 3477 281 3542 3,
301 3476 340 3529 ll.
377 3474 516 3543 Deinceps
538 3468 639 3526 lectam
662 3490 832 3543 moremque
853 3472 926 3525 heae
948 3471 1097 3527 continiavit
1118 3472 1190 3526 ilen-

145 3559 298 3622 richseaus3
316 3576 379 3612 uam
397 3575 462 3611 mos
473 3557 594 3612 dicendi
609 3574 670 3610 curn
682 3574 819 3627 nunquam
833 3558 1077 3609 enercitationem
1088 3556 1189 3627 slgnifi-

66 3662 69 3667 ⁴
144 3653 198 3709 cet,
210 3652 300 3696 tamea
313 3640 469 3712 significare
482 3641 556 3694 aliud
568 3642 710 3711 quicquam
721 3641 766 3694 bic
778 3658 832 3694 ιιοιι
846 3647 946 3710 potest,
960 3641 1012 3694 etsi
1025 3640 1089 3694 illud
1103 3640 1190 3712 ipsum

81 3756 87 3769 ·
146 3727 230 3800 plane
246 3720 417 3794 τιυιοιόγως
432 3726 522 3779 statim
536 3725 699 3796 adiungitur.
730 3724 863 3779 Elevatur
879 3732 969 3778 autem
987 3725 1045 3778 eius
1063 3725 1190 3779 vocabuli

146 3811 217 3866 lldes
235 3827 296 3864 cnm
313 3809 354 3863 his
372 3809 502 3880 deinceps
519 3809 610 3879 posito
628 3825 693 3877 que,
711 3816 767 3862 ιιιιιι
784 3825 829 3875 eo,
848 3809 922 3880 quod
938 3808 988 3880 ng.
1002 3809 1027 3864 3.
1044 3809 1068 3863 5.
1090 3810 1130 3865 lt.
1149 3809 1190 3862 13.

147 3896 188 3950 17.
212 3895 254 3950 39.
281 3894 324 3948 33.
347 3893 391 3950 tt.
415 3893 458 3949 33.
482 3893 523 3948 35.
549 3893 592 3948 35.
615 3892 657 3974 79.
677 3892 718 3949 73.
740 3893 783 3949 81.
796 3888 844 3949 84.
870 3911 927 3947 non
949 3911 1119 3964 moremque
1140 3892 1190 3946 sed
1276 3952 1279 3957 J
1316 3956 1320 3961 ι

144 3983 292 4036 rationem
315 3976 461 4050 exhibent,
484 3978 558 4048 qood
582 3994 618 4031 ex
641 3977 778 4047 prioribus
802 3977 924 4032 haesisse
947 3978 1066 4037 librariis
1089 3977 1191 4028 clarum

145 4074 193 4119 est.
229 4061 540 4127 holocaustam.
561 4078 590 4117 v.
610 4061 817 4131 explicationes.
854 4062 912 4115 Sed
929 4062 1003 4130 quod
1022 4060 1110 4113 eidem
1129 4057 1190 4108 viro

118 4155 122 4169 ¹
145 4148 226 4202 docto
243 4145 368 4218 Madvigl
389 4145 545 4201 emendatio
564 4145 669 4215 placet,
692 4146 738 4215 qui
756 4149 795 4201 sic
812 4145 894 4200 scribi
911 4145 987 4198 vult:
1012 4141 1088 4195 hreno
1105 4155 1191 4192 usam

918 4243 981 4304 31*
1045 4228 1050 4235 ’
