2968 4596
261 344 325 415 so
412 443 416 449 .
499 342 518 400 .·
653 294 956 408 crocaours‘
1010 383 1013 386 .
1075 392 1083 397 .

260 511 431 599 Apollonio
459 527 512 586 ea,
539 526 619 594 quae
642 507 835 576 aPanaetio
858 527 1056 596 acceperam,
1083 507 1305 575 contulissem:

259 631 358 694 irrisit
383 627 439 693 ille
467 626 604 711 quidem,
632 637 664 691 ut
689 626 826 705 solebat,
853 626 1083 714 philosophiam
1110 636 1202 711 atque
1231 646 1307 692 cou-

258 746 382 833 tempsit
411 743 568 829 multaque
599 763 664 810 non
693 754 758 809 tam
788 747 928 829 graviter
958 744 1035 809 dixit
1061 763 1154 829 quam
1180 742 1307 822 facete3

259 873 313 955 tua
334 872 437 927 autem
458 860 522 926 fuit·
537 862 638 927 oratio
660 863 729 927 eius
750 861 849 939 modi,
870 881 934 927 non
954 871 988 926 ut
1008 860 1106 926 ullam
1129 870 1227 926 artem
1249 860 1305 926 do-

258 982 427 1046 ctrinamve
450 988 679 1055 contemneres,
702 978 759 1043 sed
779 988 812 1043 ut
827 980 927 1044 omnis
943 980 1073 1044 comites
1094 997 1132 1043 ae
1148 968 1306 1043 ministra·

258 1099 352 1163 trices
375 1097 510 1163 oratoris
537 1115 610 1160 esse
637 1094 769 1160 diceres.
822 1095 873 1162 76.
907 1093 994 1173 Quas
1022 1115 1082 1180 ego
1112 1098 1139 1160 si
1167 1097 1237 1181 quis
1266 1096 1309 1160 sit

259 1234 337 1279 unus
358 1213 537 1299 complexus
559 1214 660 1278 omnis
677 1211 819 1297 idemque
841 1215 870 1276 si
890 1212 931 1277 ad
946 1232 1002 1277 eas
1018 1212 1198 1278 facultatem
1213 1214 1306 1278 istam

259 1334 479 1398 ornatissimae
500 1329 651 1395 orationis
673 1329 861 1405 adiunxerit,
880 1348 944 1394 non
962 1314 1090 1415 possum
1112 1328 1216 1396 dicere
1236 1349 1306 1396 eum

259 1468 322 1513 non
341 1448 504 1539 egregium
523 1446 677 1532 quendam
696 1445 853 1512 hominem
873 1456 965 1531 atque
984 1446 1200 1512 admirandum
1217 1446 1305 1524 lore3

261 1565 318 1631 sed
348 1566 392 1640 is,
426 1564 455 1628 si
486 1566 555 1649 quis
585 1573 670 1628 esset
697 1573 750 1628 aut
777 1566 805 1629 si
832 1564 926 1629 etiam
952 1583 1088 1649 unquam
1114 1564 1225 1630 luisset
1252 1573 1306 1629 aut

259 1702 334 1750 vero
362 1684 391 1746 si
417 1701 489 1746 esse
510 1691 632 1766 posset,
657 1691 691 1747 tu
712 1700 802 1747 esses
824 1700 904 1745 unus
925 1680 1080 1766 profecto,
1108 1685 1161 1767 qni
1182 1690 1213 1746 et
1234 1701 1305 1748 mec

260 1799 376 1866 iudicio
399 1808 430 1865 et
452 1800 587 1864 omnium
607 1800 660 1864 vix
680 1798 778 1864 ullam
800 1798 913 1864 ceteris
936 1798 1112 1864 oratoribus
1136 1800 1231 1885 (pace
1247 1799 1305 1865 ho-

261 2029 358 2098 dene),
377 2035 483 2098 utqner
499 2046 599 2084 censor
615 2029 689 2101 lips.
708 2031 750 2087 ed.
765 2030 965 2085 Schuetziouae
982 2031 1128 2085 delendum
1145 2040 1223 2102 putat
1237 2031 1303 2104 pat-

261 2112 446 2185 Icsopitium5
472 2113 589 2182 denique
607 2112 704 2171 Muell.
724 2125 752 2170 et
770 2113 847 2170 0lsh.
866 2132 882 2167 e
900 2116 978 2169 coni:
1002 2123 1036 2170 ut
1057 2116 1186 2181 solebat,
1204 2116 1304 2190 philo-

261 2197 453 2271 sophiamque
475 2203 688 2271 contempsit.“
722 2197 913 2255 Hearicltsec.
946 2200 1013 2263 ,Hac
1038 2201 1098 2271 ipsa
1120 2202 1305 2272 explicatione

259 2282 365 2338 Bakius
383 2279 574 2336 anacoluthon
586 2283 644 2337 tolli
663 2284 742 2350 dicit}
769 2285 842 2354 quod
860 2302 915 2337 non
932 2285 1062 2356 intelligo.
1081 2314 1117 2328 ·—
1151 2285 1303 2355 Rhodum]

262 2366 410 2422 Corinthii
427 2366 477 2437 [ις.
495 2366 512 2419 6
528 2384 556 2423 v.
592 2366 708 2423 Rhodii
730 2377 758 2423 et
777 2386 846 2423 corr.
865 2387 891 2422 u.
909 2370 929 2423 t.
953 2370 995 2424 Al.
1016 2368 1169 2435 rhodium,
1186 2372 1304 2436 rodum,

260 2454 360 2517 edum,
375 2451 494 2507 cotham
504 2452 555 2522 (sic
566 2452 617 2508 Gu.
629 2452 667 2522 3.)
683 2485 714 2494 -
731 2471 798 2508 cum
809 2453 861 2508 illo
872 2456 999 2532 summo]
1013 2454 1097 2526 vulgo
1109 2472 1223 2510 summo
1236 2457 1288 2511 tito
1293 2478 1305 2521 ,·

257 2538 307 2592 sed
325 2553 428 2606 sequor
450 2535 499 2608 Lg.
519 2537 543 2592 6.
562 2537 587 2593 3.
607 2539 631 2593 4.
651 2538 693 2594 13.
712 2539 754 2595 36.
773 2539 815 2594 36.
834 2540 876 2595 67.
903 2540 955 2594 Gn.
973 2539 998 2595 3.
1035 2538 1147 2611 Quippe
1167 2541 1218 2594 etsi
1235 2542 1305 2597 alter

258 2623 363 2694 positus
388 2623 468 2694 plura
492 2623 619 2694 exempla
642 2622 740 2690 hahet,
770 2633 861 2678 tumen
884 2641 919 2679 ne
944 2623 988 2676 hic
1011 2624 1120 2693 quidem
1143 2626 1303 2679 testimoniis
1391 2684 1398 2696 ι

257 2706 418 2761 destituitur.
456 2705 531 2759 Illas
546 2711 664 2778 primes
682 2707 788 2763 ltcstos
808 2709 920 2780 legimus
937 2708 971 2763 ll.
991 2708 1034 2776 68,
1052 2709 1126 2776 316.,
1151 2727 1303 2779 quanquam

257 2788 311 2842 hoc
326 2790 474 2843 secuudum
492 2792 609 2859 optimos
627 2791 712 2845 libros
730 2795 918 2864 corrigendum
936 2802 985 2849 est.
1017 2793 1093 2848 iliud
1108 2795 1235 2849 alterum
1251 2813 1302 2867 qe·

257 2889 313 2926 nus
331 2871 378 2927 111.
397 2872 514 2938 16116.
531 2902 566 2914 —
592 2873 713 2929 doctore
730 2894 845 2931 summo
862 2876 964 2949 Laos.
983 2909 1018 2918 -
1042 2882 1301 2951 3333333331αά-

257 2973 394 3028 ceperam
416 2956 466 3027 Lg.
488 2956 531 3011 65.
551 2957 593 3013 84.
616 2986 652 3001 -
689 2963 803 3030 irrisit]
829 2966 932 3017 inrisit
953 2962 1003 3034 Lg.
1023 2964 1065 3018 36.
1082 2965 1126 3019 66.
1145 2964 1185 3020 76.
1205 2965 1246 3020 73.
1265 2994 1302 3007 -

186 3060 192 3067 ·
257 3040 319 3108 tite]
338 3057 390 3094 om.
406 3039 457 3094 Gu.
471 3040 495 3095 3.
508 3071 544 3081 -·
561 3046 749 3115 contempsit]
767 3046 805 3099 sic
815 3045 864 3117 Lg.
882 3064 976 3101 omnes
987 3056 1095 3118 praeter
1108 3049 1144 3116 5..
1158 3049 1301 3105 (113633

256 3124 401 3193 solentque
419 3124 456 3178 ita
473 3124 538 3178 boni
556 3127 627 3182 libri.
643 3155 679 3170 -
705 3129 769 3182 eius
785 3131 881 3199 modi]
900 3130 1072 3186 huiusmodi
1092 3133 1141 3205 ng.
1156 3134 1180 3189 3.
1199 3135 1239 3189 15.
1256 3136 1300 3191 67.

255 3209 297 3263 69.
312 3209 353 3263 76.
375 3208 426 3264 Gu.
439 3209 463 3264 6.
483 3210 521 3263 ita
533 3228 601 3269 corr.
613 3212 655 3267 36.
674 3230 726 3269 om.
738 3215 778 3269 17.
791 3243 827 3256 -
844 3215 949 3284 ullum]
967 3217 1053 3270 illam
1066 3217 1116 3289 [ις.
1128 3219 1171 3274 24.
1183 3220 1218 3273 69
1228 3237 1299 3276 corr.

255 3293 370 3347 nulium
382 3294 415 3349 76
429 3312 498 3350 corr.
525 3296 694 3351 doctrinam
707 3316 743 3352 uc
761 3304 917 3355 ministras
936 3301 986 3355 Gu.
996 3301 1020 3357 1.
1032 3303 1128 3356 mediis
1141 3304 1254 3360 omissis.
1265 3335 1301 3348 -

255 3379 499 3450 ministratrices]
513 3382 620 3435 correxi
632 3383 705 3454 vulg.
718 3386 874 3438 ministras
887 3404 922 3439 ex
929 3385 958 3440 N
960 3388 1024 3440 onio
1038 3388 1066 3440 in
1079 3405 1106 3442 v.
1119 3406 1146 3458 p.
1155 3387 1300 3444 lliMerc.

340 3463 381 3518 76.
418 3466 506 3533 unus]
527 3482 579 3520 om.
601 3464 652 3521 Gn.
673 3467 696 3521 l.
717 3467 741 3523 6.
762 3498 798 3510 -
821 3473 910 3522 sit-
924 3471 1107 3544 complexus]
1127 3474 1300 3546 complexus

250 3546 346 3615 fuerit
369 3546 419 3618 Lg.
439 3548 463 3605 6.
483 3548 601 3604 fortasse
618 3551 720 3607 melius.
739 3581 776 3593 -
808 3551 1000 3624 facultatem]
1019 3555 1184 3626 facultates
1204 3559 1301 3613 vitium

254 3633 400 3702 occupavit
423 3636 540 3701 optimos
564 3633 613 3705 Lg.
636 3634 661 3689 6.
684 3637 708 3690 4.
731 3635 771 3690 13.
791 3636 833 3693 36.
852 3638 894 3693 35.
913 3640 955 3694 36.
983 3641 1047 3694 item
1070 3641 1112 3698 61.
1131 3642 1173 3697 63.
1192 3643 1234 3699 85.
1254 3643 1299 3700 93.

253 3714 283 3768 13
300 3718 325 3768 4.
349 3725 500 3769 correctum
512 3726 569 3777 ast.
589 3746 624 3759 -
660 3719 885 3791 admirandum]
911 3726 1085 3779 mirandum
1107 3725 1156 3798 hg.
1175 3727 1207 3781 81
1227 3745 1298 3784 corr.

252 3798 294 3853 93.
314 3797 366 3853 Gu.
386 3799 409 3852 l.
429 3799 454 3853 6.
471 3826 506 3842 μ-
533 3803 610 3871 quis]
636 3809 688 3874 poti
710 3803 760 3875 ng.
779 3805 796 3856 5
815 3824 884 3862 corr.
903 3808 928 3863 6.
950 3808 989 3863 14.
1010 3810 1049 3865 15.
1071 3811 1111 3866 16.
1131 3813 1174 3866 65.
1193 3812 1236 3868 69.
1254 3814 1297 3870 70.

252 3881 293 3934 73.
306 3881 348 3936 84.
366 3883 428 3938 edd.
450 3893 513 3954 post
529 3886 596 3941 Ern.
624 3891 653 3941 st
669 3892 696 3942 is
714 3893 766 3958 qni
782 3897 860 3944 esset
877 3891 901 3943 V
903 3892 946 3946 iet.
971 3895 1024 3948 sed
1041 3902 1075 3949 ut
1092 3900 1203 3966 siquis
1221 3903 1300 3952 essct

252 3963 304 4019 Gu.
325 3964 350 4020 3.
381 3982 434 4020 om.
459 3967 499 4023 14.
524 3969 565 4024 15.
588 3970 631 4026 69.
654 4001 690 4013 -
727 3977 756 4026 si
778 3977 886 4044 etium]
910 3980 939 4030 si
966 3995 1019 4034 om.
1042 3979 1093 4051 ng.
1117 3980 1159 4035 66.
1186 3981 1228 4036 76.
1253 3981 1298 4038 84.

252 4051 511 4106 3113333117.-
546 4057 693 4124 acquum]
716 4058 756 4109 sle
778 4057 828 4129 Lg.
853 4061 938 4130 pr.5.
959 4061 1000 4120 17.
1026 4063 1053 4118 13
1077 4064 1131 4118 hoe
1155 4074 1197 4120 est
1222 4081 1300 4122 aun·

253 4149 351 4201 msam.
370 4162 406 4175 —
434 4138 799 4210 posset1posstthg.81.
823 4160 875 4200 om.
893 4143 936 4200 69.
1300 4178 1304 4183 ·
