2968 4596
286 338 364 418 nn·
415 352 423 362 -
680 332 938 413 crcnnouts

286 505 399 572 cultata
424 502 582 580 utebatur,
613 523 676 570 non
702 504 909 590 eloquentiae.
963 504 1014 569 63.
1048 503 1150 590 Atque
1177 503 1256 572 illud
1280 517 1330 574 est

283 620 479 710 probabilius
510 641 610 708 neque
641 630 746 687 tamen
776 641 898 699 uerum,
930 621 1014 708 quod
1042 620 1193 688 Socrates
1221 624 1328 690 dicere

285 739 422 815 solebat,
450 756 558 804 omnes
583 740 617 804 in
637 759 690 817 eo,
719 738 801 826 quod
823 741 953 816 scirent,
981 741 1059 805 satis
1082 760 1155 805 esse
1178 740 1328 828 eloquen-

282 859 343 922 tis:
375 855 454 921 illud
483 857 588 921 uerius
618 875 719 942 neque
752 876 927 943 quenquam
953 859 987 921 in
1012 876 1051 922 ee
1078 857 1227 922 disertum
1254 880 1327 927 esse

281 994 391 1063 posse,
414 972 497 1059 quod
513 974 649 1051 nesciat,
670 993 771 1059 neque
793 976 821 1038 si
841 976 954 1061 optime
976 977 1056 1039 sciat
1075 976 1265 1061 ignarusque
1286 980 1328 1042 sit

282 1090 449 1158 faciundae
478 1110 516 1156 ac
541 1088 708 1176 poliendae
735 1093 902 1169 orationis,
936 1091 1051 1157 disene
1078 1091 1112 1156 id
1139 1094 1252 1180 ipsum,
1285 1094 1327 1160 de

282 1229 344 1295 quo
367 1210 460 1285 sciat,
482 1227 577 1295 posse
599 1206 714 1272 dicere.

364 1322 435 1390 XV.
472 1321 524 1389 64.
561 1321 662 1427 Quam
684 1323 724 1390 ab
746 1342 827 1402 rem,
857 1325 886 1388 si
907 1328 978 1410 quis
999 1328 1178 1392 universam
1200 1336 1231 1392 et
1250 1348 1329 1414 pros

279 1447 380 1531 priam
406 1442 541 1508 oratoris
566 1443 630 1507 vim
657 1439 784 1509 definire
812 1441 1035 1528 complectique
1060 1443 1138 1523 vult,
1166 1447 1194 1511 is
1217 1456 1328 1512 orator

278 1680 306 1732 ln
329 1678 371 1731 bis
395 1676 473 1731 libris
491 1675 511 1731 l.
529 1676 657 1744 93,199.
681 1677 730 1745 66,
750 1676 810 1733 956.
843 1676 876 1733 ll.
896 1678 921 1745 7,
939 1677 983 1733 99.
1007 1675 1038 1744 8,
1057 1677 1099 1733 38.
1124 1680 1174 1746 19,
1192 1680 1251 1746 59,
1274 1680 1325 1735 ubi

276 1764 348 1817 male
365 1762 539 1833 distinguunt,
557 1763 606 1830 13,
624 1762 666 1818 56.
687 1764 731 1830 17,
749 1762 790 1817 79.
809 1763 858 1829 46,
877 1762 936 1817 194.
954 1762 1002 1828 48,
1020 1763 1081 1818 999.
1116 1764 1156 1818 Cf.
1176 1764 1324 1819 Buechne-

276 1865 336 1902 rum
355 1847 390 1901 ad
408 1847 489 1902 Rosc.
507 1847 566 1901 Am.
586 1865 614 1916 p.
632 1849 693 1903 149.
710 1875 746 1889 -
775 1847 854 1914 cum]
879 1848 957 1901 annisi
978 1848 1074 1901 inutile
1092 1855 1155 1901 tunt
1171 1848 1322 1904 secundani

276 1932 328 2003 ug.
345 1949 440 1985 omnes
458 1939 570 2001 praeter
584 1931 627 1985 81.
656 1930 687 1984 ln
706 1931 748 1985 76.
767 1947 802 1985 m.
820 1947 875 1985 sec.
893 1931 1003 1986 delevit.
1031 1933 1135 1986 Contra
1155 1951 1221 1989 cum
1241 1934 1323 1988 deest

276 2019 305 2070 in
325 2015 376 2070 Gn.
393 2017 422 2070 3.
439 2041 475 2055 —
510 2016 634 2084 ceteros]
661 2022 794 2068 caeteras
816 2014 866 2086 Lg.
876 2015 967 2084 Vlll.,
991 2018 1041 2071 sed
1059 2017 1195 2073 bonorum
1213 2019 1320 2084 nullus3

276 2107 348 2154 caet.
369 2100 412 2154 13.
432 2098 475 2153 99.
493 2098 536 2153 67.
600 2122 602 2125 ·

343 2185 386 2239 63.
422 2182 597 2252 eloquentis]
624 2184 721 2253 scripsi
744 2200 780 2236 ex
803 2183 855 2254 Lg.
875 2185 918 2240 13.
938 2186 980 2240 36.
1000 2215 1036 2226 —
1073 2190 1251 2257 quenquam]
1278 2190 1320 2242 sic

273 2269 324 2341 ug.
342 2268 433 2334 xlv„
458 2283 572 2337 quorum
595 2268 637 2324 13.
660 2268 702 2322 15.
724 2268 767 2323 36.
787 2268 828 2322 67.
846 2296 882 2309 —-
917 2272 946 2322 si
963 2271 1083 2342 optime]
1106 2275 1135 2324 st
1156 2273 1190 2326 td
1207 2279 1319 2345 optt'nte
1386 2278 1388 2285 “

272 2355 366 2426 vulgo.
406 2353 464 2408 Sed
489 2353 568 2406 abest
591 2353 625 2406 td
650 2371 667 2405 a
686 2353 736 2424 bg.
757 2352 849 2406 XVlll
872 2352 1006 2422 bonisque
1029 2355 1168 2421 omnibus,
1194 2358 1257 2411 item
1279 2358 1317 2412 ab

272 2439 362 2494 llavn.
382 2439 406 2492 1.
427 2439 452 2493 9.
474 2437 526 2491 Gn.
544 2439 569 2492 9.
589 2439 615 2492 3.
634 2436 786 2491 nechabet
804 2454 857 2506 quo
874 2438 1024 2505 reseratur,
1042 2438 1093 2492 nisi
1110 2440 1147 2493 ad
1163 2442 1317 2510 proximum

272 2525 353 2596 quod
371 2525 506 2577 nesciat:
531 2537 601 2590 quae
624 2522 760 2575 sententia
778 2521 871 2592 inepta
890 2531 939 2576 est.
974 2523 1072 2577 Statim
1091 2528 1119 2577 st·
1136 2534 1200 2578 ante
1218 2530 1259 2579 sit
1275 2527 1316 2579 in-

270 2610 379 2663 culcant
412 2607 463 2678 hg.
485 2607 510 2661 3.
532 2608 549 2659 4
570 2623 639 2660 corr.
667 2607 691 2660 5.
713 2607 738 2660 6.
759 2608 802 2661 13.
823 2607 1315 2666 1116161191.9135666.

270 2695 314 2750 36.
334 2694 376 2750 65.
398 2693 441 2746 67.
462 2690 506 2745 69.
526 2690 567 2745 79.
587 2691 628 2745 73.
648 2691 691 2744 84.
710 2690 753 2744 86.
774 2691 816 2746 93.
840 2691 879 2745 ita
902 2708 920 2743 a
941 2709 996 2746 sec.
1019 2708 1054 2745 ιιι.
1075 2693 1100 2746 9.
1126 2711 1179 2748 οιιι.
1197 2696 1232 2749 39
1248 2696 1312 2752 add.

269 2795 325 2831 sec.
344 2795 379 2829 ιιι.
404 2775 494 2829 llaun.
513 2775 539 2828 1.
559 2775 584 2827 9.
618 2772 675 2827 ΕιΙ.
697 2775 721 2828 1.
742 2776 767 2828 9.
789 2773 849 2828 edd.
872 2775 1011 2843 antiquiss.
1029 2773 1126 2831 Muell.
1145 2776 1194 2832 Or.
1227 2779 1315 2832 Abest

270 2865 301 2914 si
318 2878 335 2912 a
350 2859 402 2928 Lg.
422 2859 439 2911 9
456 2874 498 2928 pr.
518 2874 552 2909 m.
571 2857 612 2911 99.
632 2859 674 2911 93.
694 2858 728 2910 39
749 2875 788 2927 pr.
807 2876 842 2913 ιιι.
862 2859 903 2913 76.
921 2857 963 2913 81.
984 2858 1026 2914 85.
1052 2860 1113 2915 Ald.
1133 2879 1191 2931 sqq.
1210 2871 1236 2915 et
1253 2863 1314 2919 iura

269 2942 386 3013 quidem.
422 2940 540 2994 Iteratur
564 2940 591 2993 in
616 2941 772 2995 conditione
795 2961 844 3008 ea,
868 2960 938 3011 quae
959 2945 1001 2997 sui
1023 2945 1089 2997 iuris
1112 2955 1153 2999 est
1171 2955 1198 2999 et
1216 2947 1313 3000 ordine

271 3045 331 3081 cunr
353 3026 534 3080 antecedente
556 3025 686 3091 nectitur,
710 3042 766 3078 non
787 3026 814 3078 in
833 3044 882 3093 ca,
907 3045 978 3097 quae
998 3030 1153 3099 oppositum
1174 3031 1311 3097 quoddam

267 3112 406 3177 continet,
438 3116 473 3162 ut'
493 3108 576 3175 baec,
609 3108 636 3161 in
660 3124 714 3177 qua
737 3113 917 3181 iqnarttsque
938 3116 980 3167 stt
1002 3122 1043 3166 est
1068 3117 1113 3166 ita
1136 3120 1252 3180 tamen,
1278 3121 1312 3168 ut

266 3201 389 3268 tqnarus
410 3196 459 3247 sit.
476 3221 512 3236 -
546 3192 726 3263 faciundae]
749 3193 879 3263 facunde
905 3195 991 3267 Lg.2
1014 3214 1084 3251 corr.
1116 3198 1151 3250 14
1173 3216 1242 3252 corr.
1267 3199 1310 3255 76.

263 3280 409 3352 facundie
432 3281 450 3331 4
468 3295 539 3349 corr.
564 3278 606 3332 16.
626 3277 666 3331 76.
686 3278 727 3333 73.
749 3277 791 3334 86.
817 3280 855 3333 ita
872 3297 941 3335 corr.
960 3282 985 3335 3.
1016 3281 1177 3352 faciendae
1199 3282 1241 3337 99.
1265 3284 1309 3339 91.

265 3365 316 3421 Gn.
336 3366 362 3418 1.
380 3365 405 3418 9.
429 3362 524 3417 lamb.
556 3360 708 3431 facundae
728 3363 771 3416 91.
789 3362 831 3418 84.
860 3363 1024 3433 facundiae
1041 3368 1083 3420 91.
1103 3384 1173 3421 corr.
1194 3384 1246 3421 οιιι.
1264 3367 1307 3422 69.

264 3450 298 3504 76
315 3448 378 3502 add.
396 3477 432 3489 —
461 3446 633 3519 poliendae]
651 3445 815 3518 potiundae
833 3447 883 3519 Lg.
903 3450 944 3504 17.
971 3450 1126 3522 pallianda
1144 3452 1186 3506 76.
1203 3479 1238 3492 ·-·
1273 3453 1310 3506 dc

262 3550 321 3603 qua
340 3537 434 3596 sciat,
453 3549 548 3604 posse
565 3532 674 3599 dicere]
699 3531 738 3583 sic
761 3529 810 3602 Lg.
835 3549 929 3587 omnes
948 3544 1061 3604 praeter
1077 3535 1118 3590 69.
1140 3536 1182 3590 76.
1201 3535 1243 3590 81.
1263 3535 1306 3591 86.

258 3618 291 3672 it.
309 3617 367 3671 Erl.
379 3618 406 3670 1.
423 3615 481 3669 Eri.
504 3615 535 3668 ln
546 3614 596 3686 Lg.
610 3615 645 3670 69
662 3623 778 3669 estnon
791 3632 883 3687 posse
900 3617 1014 3682 dicere,
1036 3620 1128 3689 itaque
1146 3638 1200 3674 sec.
1213 3637 1248 3675 m.
1263 3622 1307 3675 39.

262 3702 323 3754 Vct.
342 3699 439 3770 Steph.
456 3698 512 3753 ttrt
530 3701 555 3753 9.
573 3719 599 3768 γ.
619 3699 661 3753 66.
680 3718 703 3753 s.
720 3700 738 3754 l.
758 3697 785 3754 dt
803 3718 828 3754 a.
850 3699 928 3756 Μ66.
944 3703 969 3757 1.
983 3704 1008 3757 9.
1026 3704 1097 3757 Ven.
1122 3721 1213 3776 posse
1230 3705 1309 3775 ponit

159 3836 164 3847 ,
261 3792 325 3854 post
342 3782 441 3836 dicere
461 3781 512 3836 Gu.
530 3784 555 3837 3.
578 3785 657 3853 quod
674 3787 751 3837 sciat
770 3782 844 3839 Lott.
862 3785 923 3841 llsc.
950 3787 1085 3857 Vulgatur
1103 3790 1177 3858 quod
1195 3789 1245 3860 Lg.
1263 3790 1307 3845 76.

260 3867 302 3921 81.
321 3867 364 3922 85.
388 3866 477 3920 Havn.
496 3868 521 3920 l.
541 3868 566 3921 9.
589 3867 706 3935 babent,
720 3885 827 3940 posse,
847 3869 957 3940 dequo
976 3875 1069 3936 sciat,
1089 3874 1196 3929 dicae.
1233 3873 1307 3927 Heu·

259 3952 328 4021 sing.
348 3959 375 4003 et
395 3947 443 4003 Οι.
469 3949 580 4020 dequo
599 3955 676 4005 sciat
694 3954 799 4006 uncinis
816 3954 997 4010 includebant.

343 4032 405 4087 XV.
440 4034 483 4087 64.
520 4051 610 4104 quam
629 4036 664 4089 ob
682 4039 757 4106 rem]
782 4035 829 4110 ὑφ’
854 4038 886 4093 ἕν
906 4039 990 4109 vulgo
1015 4048 1043 4093 et
1065 4039 1091 4093 X
1116 4040 1167 4112 Lg.
1189 4059 1305 4111 quorum

258 4121 301 4177 66.
319 4120 362 4177 67.
378 4117 421 4176 69.
437 4118 478 4175 tt.
493 4119 542 4188 76,
561 4120 624 4176 item
643 4120 694 4178 Gu.
704 4123 729 4179 1.
758 4123 981 4195 complectique]
1000 4121 1161 4197 cataplalsg.
1175 4127 1200 4183 9.
1213 4127 1256 4183 67.
1269 4156 1306 4205 -7
