2980 4602
412 287 474 355 oe
503 285 732 356 onnrone
760 286 885 356 nmen
906 287 929 354 1.
952 288 1003 354 ss.
1074 335 1086 363 .
1141 247 1227 363 aaa

186 460 295 527 mollis
319 469 382 526 tam
408 458 577 545 languidus
603 469 668 524 tam
694 469 860 524 enervatus
886 467 950 524 tam
976 458 1081 523 omnia
1108 459 1149 524 ad
1174 478 1230 525 vo-

184 578 334 664 luptatem
367 579 507 664 eorporis
544 577 746 662 doloremque
783 576 924 640 reserens
959 574 1093 662 probare
1123 587 1231 663 posset

187 705 331 760 senatum
358 697 475 762 servire
501 693 630 781 populo,
650 696 713 760 'cui
739 692 871 780 populus
898 695 964 778 ipse
991 692 1173 760 moderandi
1200 706 1231 762 et

186 794 319 896 regendi
335 815 383 877 sui
397 823 581 899 potestatem
598 812 690 897 quasi
707 810 860 896 quasdam
874 808 1016 875 habenas
1031 809 1231 878 tradidissett

272 925 352 994 Llll.
384 911 457 995 227.
480 927 587 1014 ltaque
608 929 689 994 haec
711 948 781 993 cum
803 947 824 993 a
844 938 874 992 te
897 927 1043 993 divinitus
1066 948 1126 1012 ego
1149 929 1233 995 dieta

187 1043 373 1123 arbitrarer,
395 1045 427 1110 Ρ.
445 1044 579 1128 Rutilius
594 1044 692 1110 Rufus
714 1045 806 1110 bomo
830 1045 939 1111 doctus
962 1054 992 1109 et
1013 1044 1230 1133 philosophiae

187 1161 310 1226 deditus
332 1183 396 1228 non
417 1163 508 1228 modo
530 1182 638 1248 parum
661 1164 831 1240 commode,
854 1163 912 1229 sed
934 1164 1030 1228 etiam
1050 1165 1179 1253 turpiter
1201 1174 1232 1229 et

187 1278 345 1363 flagitiose
373 1278 458 1344 dicta
479 1279 551 1344 e'sse
574 1278 708 1349 dicebat.
751 1278 896 1367 Idemque
920 1277 1068 1345 Servium*
1088 1278 1232 1358 Galbam,

106 1448 111 1453 .
151 1466 160 1481 ·
188 1416 278 1480 quem
300 1395 457 1460 hominem
474 1396 569 1482 probe
584 1400 833 1463 commeminisse
851 1417 885 1462 se
902 1397 1016 1475 aiebat,
1037 1401 1234 1485 pergraviter

187 1511 418 1598 reprehendere
441 1513 578 1590 solebat,
606 1513 690 1598 quod
717 1515 746 1576 is
767 1509 805 1576 L.
828 1510 995 1580 Scribonio
1018 1518 1232 1599 quaestionem

186 1633 222 1694 io
245 1649 315 1694 eum
338 1629 456 1723 serente
478 1629 584 1715 populi
606 1627 855 1693 misericordiam
878 1632 1074 1706 concitasset,
1097 1652 1165 1697 cum
1186 1632 1232 1700 M.

188 1743 270 1810 Gato
306 1743 428 1837 Galbae
459 1746 568 1829 gravis
601 1755 692 1830 atque
726 1763 801 1809 acer
834 1746 978 1810 inimicus
1010 1765 1120 1831 aspere
1154 1748 1235 1834 apud

186 1862 334 1951 populum
359 1860 533 1940 Romanum
566 1872 597 1928 et
622 1855 822 1928 vehementer
851 1871 937 1927 esset
967 1861 1108 1947 locutus3
1142 1884 1234 1950 quam

188 1982 361 2048 orationem
388 1981 422 2044 in
449 1977 633 2064 Originibus
666 1981 732 2045 suis
763 1981 904 2066 exposuit
930 1981 1007 2066 ipse.
1065 1981 1138 2047 228.
1169 1981 1232 2049 Re-

108 2172 109 2177 *
186 2097 398 2184 prehendebet
424 2099 520 2181 igitur
547 2095 682 2162 Galbam
707 2095 855 2175 Rutilius,
888 2098 1025 2183 quadis
1053 2095 1088 2163 G.
1112 2096 1233 2186 Sulpici

189 2330 246 2382 inv.
264 2329 334 2383 Vict.
355 2358 391 2370 -
417 2330 563 2398 senatum]
585 2328 771 2385 contemtio.
791 2331 814 2384 1.
835 2359 866 2369 -
895 2329 940 2382 De
958 2333 1110 2384 sententiae
1129 2339 1156 2384 et
1174 2348 1235 2386 ver·

192 2410 289 2466 borum
308 2413 414 2465 ratione
434 2414 642 2483 coniecturaque
661 2414 798 2467 Schuetnii
817 2413 963 2466 iudicanda
981 2432 1008 2470 v.
1029 2416 1233 2485 explicationes.

279 2494 350 2550 Llll.
387 2495 445 2552 227.
481 2496 565 2565 hoec]
584 2497 640 2553 hoe
658 2498 710 2552 Gra.
730 2498 752 2551 l.
774 2514 825 2550 om.
846 2495 895 2566 Lg.
912 2497 937 2550 3.
956 2497 998 2550 26.
1017 2525 1052 2537 -
1075 2500 1140 2568 epo]
1162 2505 1191 2552 et
1207 2500 1234 2553 in

191 2581 329 2635 nonnullis
349 2581 409 2634 edd.
426 2589 494 2638 mett,
513 2584 632 2637 additum
650 2583 711 2637 libri
729 2583 782 2636 mei
799 2594 892 2634 omnes
907 2582 1044 2650 ignorant.
1063 2609 1098 2620 -
1127 2583 1236 2652 Rufus]

193 2682 246 2719 om.
267 2664 318 2736 Lg.
332 2664 376 2720 65.
394 2667 433 2720 70.
446 2674 483 2706 ⁴—
500 2684 559 2720 ooa
575 2669 677 2736 modo]
695 2665 784 2718 modo
804 2680 855 2718 om.
873 2663 923 2734 bg.
943 2681 1037 2717 omnes
1055 2675 1166 2735 praeter
1182 2667 1236 2734 98,

191 2749 243 2804 Gn.
262 2750 286 2804 2.
308 2751 379 2805 Vict.
400 2750 559 2821 proboque,
583 2755 681 2808 sedin
702 2769 736 2804 ea
759 2749 838 2803 codd.
864 2749 1026 2803 condicione
1046 2768 1102 2804 non
1122 2753 1235 2823 recipio.

190 2852 250 2891 teon
272 2841 389 2888 tantem
412 2835 462 2906 bg.
485 2836 546 2903 ss,
571 2847 601 2892 ot
624 2836 719 2907 Steph.
742 2864 778 2875 ·-
805 2834 951 2904 idemque]
976 2834 1056 2888 idem
1077 2834 1111 2899 Q.
1137 2837 1188 2892 Gn.
1208 2838 1234 2896 2.

190 2920 240 2990 Lg.
260 2928 371 2990 praeter
389 2920 429 2974 lt.
450 2920 491 2975 15.
513 2921 555 2976 16.
576 2922 615 2976 17.
634 2921 675 2976 26.
696 2920 737 2974 21.
755 2920 796 2973 21.
815 2936 842 2974 v,
862 2920 1002 2974 Drakenb.
1021 2921 1057 2974 ad
1074 2919 1235 2981 Ltuxml.

190 3004 240 3070 31,
259 3006 283 3058 7.
300 3033 336 3045 —-
367 3003 445 3073 Sem]
468 3004 608 3077 Serpirtm
626 3007 676 3077 Lg.
696 3005 720 3062 6.
739 3005 781 3058 26.
802 3005 843 3060 76.
876 3003 1022 3059 Servium·
1035 3005 1085 3060 Gn.
1104 3009 1129 3062 2.
1166 3007 1236 3062 Ser·

189 3089 295 3141 vilium
314 3089 365 3144 Gu.
386 3092 408 3144 l.
427 3090 498 3144 Vict.
519 3120 556 3132 -—
585 3089 831 3158 commeminisse]
855 3092 883 3143 in
907 3091 968 3144 edd.
990 3090 1150 3160 quibusdam
1168 3102 1236 3149 vett.

189 3174 368 3245 praemissum
390 3193 478 3228 posse
504 3183 533 3229 ei
557 3178 683 3231 omittunt
706 3174 755 3246 bg.
782 3191 874 3228 omnes
896 3183 1007 3245 praeter
1025 3176 1067 3231 84.
1088 3177 1146 3243 96,
1172 3179 1237 3233 item

190 3256 267 3312 Man.
291 3256 386 3313 Lamb.
409 3260 443 3314 al.
468 3291 503 3299 —-
532 3264 711 3314 conmisisse
736 3260 787 3314 Gu.
809 3261 832 3314 1.
875 3264 1101 3313 commeminisse
1125 3261 1174 3331 Lg.
1194 3261 1236 3320 81,

188 3347 363 3412 neminisse
384 3344 487 3401 61193.
506 3373 542 3388 ·-
572 3348 614 3413 se]
638 3363 701 3398 sese
719 3344 790 3397 Vict.
809 3372 844 3382 -
869 3345 967 3416 apud]
987 3351 1059 3417 aput
1077 3345 1126 3416 hg.
1143 3346 1185 3402 81.
1203 3376 1239 3390 -

192 3429 375 3496 Romanum]
401 3447 455 3488 om.
475 3430 525 3500 Lg.
545 3430 569 3483 3.
588 3430 613 3484 5.
631 3429 656 3486 6.
678 3429 719 3484 26.
740 3428 975 3487 elucidasse.
1011 3430 1056 3484 Er
1075 3433 1237 3502 compendio

191 3514 262 3567 enim
286 3513 319 3567 P.
338 3508 372 3568 R'.
396 3515 538 3568 in'multis
562 3515 662 3568 sactum
684 3520 870 3586 praetorem,
898 3515 975 3570 velut
998 3514 1025 3568 in
1046 3516 1071 3570 8.
1090 3517 1114 3571 6.
1136 3516 1176 3570 16.
1194 3517 1237 3571 26.

186 3598 224 3652 ut
241 3615 310 3653 corr.
330 3597 391 3672 85..
403 3598 468 3652 item
482 3605 531 3670 pr.
551 3599 577 3651 in
595 3599 619 3654 5.
639 3599 680 3653 21.
696 3598 739 3652 65.
759 3587 860 3656 70.'73.
878 3598 920 3655 86.
957 3600 1002 3653 De
1022 3601 1068 3655 illo
1088 3601 1153 3657 vitio
1174 3602 1239 3656 item

189 3683 329 3736 contrario
349 3678 454 3736 ebnsuli
472 3693 586 3753 possunt
604 3685 691 3739 Drak.
714 3683 749 3735 ad
769 3682 830 3736 Liv.
844 3682 947 3740 XXXI.
968 3684 1053 3750 11,.1,
1081 3683 1237 3747 Buechner.

188 3767 225 3820 ad
239 3766 295 3822 Cic.
315 3768 398 3824 Rosc.
419 3768 478 3824 Am.
498 3787 524 3838 p.
541 3769 598 3823 162,
619 3768 705 3821 ethis
723 3766 859 3834 antiquior
870 3765 1016 3825 Lambinus
1032 3768 1145 3825 Emend.
1169 3770 1239 3831 Tull.

188 3871 216 3923 p.
231 3850 289 3906 308.
311 3851 403 3908 Klein.
418 3882 454 3895 —-
474 3859 504 3906 et
520 3852 714 3919 vehementer]
734 3857 764 3904 et
782 3868 833 3908 om.
852 3851 901 3923 [ις.
920 3851 959 3907 16.
978 3852 1021 3909 65.
1040 3854 1074 3907 69
1096 3854 1137 3908 76.
1154 3854 1240 3913 73.-

190 3943 270 3989 esset
288 3936 355 4003 loe]
378 3942 423 3989 est
440 3936 489 4008 hg.
506 3938 546 3992 16.
566 3939 607 3993 17.
626 3939 667 3991 76.
686 3938 726 3994 73.
746 3935 789 3992 86.
821 3944 885 3988 esse
902 3936 944 3993 65.
977 3937 1113 4007 loquutus
1132 3938 1182 4010 ug.
1196 3940 1238 3997 21.
1264 3964 1268 3971 =

187 4021 234 4076 69.-
253 4020 297 4076 70.
315 4020 347 4076 81
367 4038 438 4075 corr.
456 4021 498 4078 93.
520 4055 550 4063 -
576 4025 652 4096 ipse]
671 4039 723 4076 om.
742 4020 790 4090 Lg.
816 4019 853 4073 14.
875 4021 913 4075 15.
935 4022 974 4076 16.
993 4022 1036 4075 93.

196 4166 199 4173 ,
277 4104 337 4165 228.
376 4107 457 4179 qaod
476 4109 514 4176 is]
535 4112 600 4177 puis
618 4104 727 4177 11365.
745 4132 781 4146 ν-
802 4101 929 4177 Sulpici]
949 4105 1012 4159 dedi
1032 4118 1067 4154 ex
1087 4100 1137 4167 Lg.
1153 4100 1178 4153 5.
1199 4098 1239 4158 lb
