2980 4602
412 292 471 360 un
498 288 730 360 ounronn
758 290 884 360 ursnn
904 293 930 361 1.
952 296 1025 380 ns„
1175 295 1230 370 ro

108 486 142 535 .·
181 473 239 532 eut
259 462 436 552 pertenuem
451 462 562 539 videri,
586 462 643 528 sed
665 481 786 528 omnem
807 482 880 528 esse
903 463 1132 529 contentionem
1153 465 1233 531 inter

180 583 327 649 homines
350 581 464 665 doctos
480 582 514 644 in
534 578 624 645 verbi
646 581 861 645 controversia
875 582 1018 666 positam.
1058 580 1129 646 108.
1152 579 1232 648 Nem

71 704 78 719 ‘
186 702 215 766 si
237 719 289 765 ors
315 701 360 763 ita
382 697 533 774 delinitur,
563 705 596 760 ut
619 696 714 782 paulo
739 705 810 761 unte
834 699 975 782 exposuit
995 688 1164 776 Antonius,
1192 719 1232 765 ex

182 817 277 883 rebus
300 818 423 902 penitus
445 816 618 900 perspectis
640 813 800 900 'planeque
823 815 957 898 cognitis
986 823 1077 900 atque
1103 815 1143 881 ab
1165 818 1232 902 opi-

181 936 286 1000 nionis
320 932 451 998 arbitrio
480 933 629 997 seiunctis
663 933 856 1016 scientiaque
887 930 1136 1017 comprehensis:
1169 953 1232 1000 uon

181 1051 257 1117 mihi
279 1050 403 1116 videtur
432 1069 484 1113 ars
507 1050 642 1114 oratoris
665 1067 737 1113 esse
764 1048 840 1112 ullu.
885 1046 964 1112 Sunt
987 1051 1069 1113 enim
1089 1052 1181 1116 varia
1202 1062 1233 1117 et

184 1170 224 1234 ad
254 1168 420 1252 vulgarem
441 1166 694 1252 ,popularemque
730 1184 856 1253 sensum
890 1158 1234 1235 accommodaffiomnia

184 1306 304 1371 genera
324 1284 417 1349 huius
440 1283 576 1348 forensis
598 1292 725 1348 nostrae
748 1282 904 1348 dictionis.
949 1282 1021 1348 169.
1050 1281 1109 1349 Sin
1131 1296 1233 1352 autem

187 1423 236 1479 ea,
259 1422 337 1488 quae
361 1401 568 1467 observantur
589 1402 622 1465 in
642 1420 701 1465 usu
725 1419 763 1465 ac
783 1402 968 1467 tractatione
991 1401 1129 1481 dicendi,
1152 1402 1234 1471 haec

188 1521 226 1586 ab
253 1493 432 1597 hominibus
459 1518 585 1585 callidis
613 1538 651 1583 ac
672 1518 782 1603 peritis
807 1516 1028 1584 eulmadversc
1052 1536 1090 1587 a'c
1114 1531 1232 1601 notata,

278 1793 338 1847 168.
375 1794 437 1861 ars]
451 1776 503 1848 urs
520 1798 589 1867 tpou
607 1793 655 1865 ng.
669 1795 694 1849 2.
732 1796 793 1864 istu
811 1790 853 1845 13.
872 1791 914 1846 13.
935 1792 970 1847 31
986 1809 1055 1847 corr.
1082 1793 1133 1849 Gn.
1151 1795 1176 1849 3.
1196 1796 1235 1849 ito

188 1898 259 1936 corr.
279 1881 321 1935 36.
339 1879 377 1932 ito
394 1896 452 1934 var.
473 1880 498 1932 5.
515 1907 550 1927 —.-
574 1881 631 1947 tta]
650 1897 704 1933 orn.
722 1877 827 1948 Lg.1n.
842 1877 885 1931 15.
901 1877 942 1932 16.
957 1876 999 1932 93.
1017 1903 1053 1919 —-
1072 1880 1177 1951 paulo]
1195 1882 1252 1935 sic'

188 1966 238 2038 ng.
257 1977 351 2019 omnes
370 1982 411 2035 pr.
430 1963 454 2018 5.
474 1973 502 2017 et
519 1964 577 2028 26,
601 1963 645 2017 hie
664 1981 716 2017 orn.
740 1993 775 2002 —
805 1963 955 2035 exposuit]
979 1962 1115 2035 deposuit
1139 1964 1186 2036 ing.
1206 1968 1231 2022 2,

188 2053 212 2107 3.
238 2053 279 2105 13.
308 2052 350 2106 32.
374 2051 417 2104 36.
437 2050 480 2104 67.
518 2049 598 2103 dixit
621 2051 646 2104 d.
672 2050 714 2104 15.
738 2048 809 2101 Vict.
833 2065 903 2102 corr.
935 2052 1040 2120 posuit
1063 2048 1112 2120 ng.
1135 2051 1177 2105 20.
1197 2080 1233 2094 —

183 2136 333 2209 planeque
348 2139 380 2175 -“
398 2136 552 2202 seiunctis]
571 2133 641 2187 hoec
660 2151 712 2188 om.
732 2133 783 2187 Gu.
798 2133 823 2187 3.
835 2163 870 2171 -
887 2132 1115 2205 comprehensio]
1134 2153 1232 2209 conpr.

188 2220 236 2292 Lg.
250 2221 275 2274 2.
291 2246 293 2250 v
307 2222 491 2291 comprensis
508 2218 558 2288 Lg.
573 2220 675 2272 iicorr.
686 2218 757 2272 Vict.
774 2245 810 2259 -
828 2218 1066 2287 accommodata]
1086 2218 1232 2278 adcumm.

187 2305 238 2378 Lg.
256 2306 300 2361 65.
320 2304 362 2358 70.
382 2303 424 2365 73.
462 2319 591 2357 ucconm.
609 2302 652 2358 66.

273 2421 337 2474 169.
374 2418 579 2490 observantur]
597 2422 725 2491 optimam
743 2419 903 2490 scripturam
919 2422 1015 2495 recepi
1030 2438 1066 2474 en
1083 2421 1133 2495 ng.
1149 2424 1174 2476 2.
1189 2425 1234 2479 36.

189 2507 284 2576 Vulgo
311 2504 467 2558 observata
491 2511 565 2558 eunt.
601 2513 667 2558 cunt
692 2524 744 2560 om.
770 2506 851 2558 etiom
874 2504 925 2574 Lg.
945 2505 987 2558 17.
1006 2504 1048 2558 24.
1068 2505 1111 2559 86.
1155 2506 1237 2563 Quae
1338 2500 1342 2508 ’

67 2636 79 2659 ,.
192 2590 318 2660 quotidie
343 2597 370 2641 et
396 2587 431 2640 ob
451 2587 572 2663 omnibus
596 2588 745 2644 dicentibus
765 2589 963 2653 observantur,
989 2604 1022 2640 eo
1043 2588 1071 2641 in
1091 2597 1177 2642 ortem
1195 2608 1237 2644 re·

190 2677 286 2746 digere
304 2673 386 2743 periti
401 2681 523 2743 possunt.
560 2672 589 2727 Si
603 2674 708 2744 factae
727 2684 755 2728 et
773 2673 850 2742 quusi
868 2671 1008 2725 collectae
1026 2671 1236 2730 observationes

189 2750 419 2830 significarentur,
436 2759 528 2812 verius
545 2770 605 2814 erat
621 2778 688 2824 usu,
708 2775 788 2829 quern
806 2763 837 2812 to
854 2774 920 2821 usu,
939 2775 990 2810 uec
1003 2766 1066 2828 apte
1082 2757 1237 2815 dicerentur

190 2843 347 2898 observatu
365 2860 429 2895 esse
448 2859 518 2911 quae
535 2854 671 2914 perpetuo
693 2855 720 2899 et
738 2844 858 2913 quotidie
877 2842 1067 2896 observentur.
1091 2848 1126 2885 ·¹-
1157 2852 1237 2901 truc-

191 2930 316 2996 tatione]
334 2928 418 2998 vulgo
437 2931 563 2992 ratione,
582 2930 617 2982 de
636 2946 691 2997 quo
708 2947 764 2983 non
782 2930 879 2999 agitur.
915 2927 1039 2999 liiudex
1053 2927 1143 2984 Havn.
1164 2941 1237 2986 utro·

190 3032 259 3084 que,
283 3013 319 3068 U.
340 3012 391 3066 Gn.
410 3012 435 3066 1.
454 3014 478 3066 2.
493 3014 518 3068 3.
543 3013 601 3068 Eri.
614 3015 640 3068 l.
664 3014 723 3067 nef.
741 3013 797 3067 nrt.
815 3014 833 3067 2
850 3030 905 3066 sec.
922 3030 957 3067 m.
994 3013 1055 3067 Ald.
1074 3025 1238 3085 receperunt

190 3100 253 3154 edd.
272 3116 289 3151 e
301 3097 447 3151 Schuetzio
466 3097 538 3152 inde.
575 3099 717 3152 Accedunt
733 3097 783 3168 Lg.
799 3099 824 3152 3.
837 3097 879 3151 84.
900 3101 1044 3150 tractatio
1060 3098 1180 3154 dicendi
1197 3110 1239 3154 ost

190 3184 284 3238 dictio
301 3186 378 3254 ipsa,
397 3180 426 3235 τὸ
444 3185 544 3251 λέγειν,
562 3181 591 3236 τὸ
604 3185 729 3254 χρῆσθαι
747 3179 827 3251 λόγῳ.
845 3211 879 3222 -
905 3181 1085 3250 dominibus]
1105 3185 1239 3238 omnibus

191 3268 243 3322 Gn.
258 3269 285 3322 3.
303 3292 348 3308 —-‘
361 3283 398 3319 uc
410 3269 531 3338 peritis]
552 3274 581 3321 et
592 3286 625 3340 p.
644 3267 694 3340 Lg.
713 3267 738 3323 3.
753 3268 944 3323 1336181.
980 3274 1070 3338 utque
1087 3269 1128 3322 17.
1148 3270 1190 3323 36.
1203 3296 1239 3308 —-

82 3401 91 3413 ,
191 3352 329 3422 definita]
351 3351 435 3422 vulgo
460 3351 626 3422 desipiente.
661 3351 772 3407 Mutovi
793 3370 828 3405 ex
849 3353 957 3422 optimis
979 3351 1073 3423 [μ.
1094 3353 1135 3407 13.
1159 3354 1193 3408 32
1210 3371 1238 3408 V.

191 3446 220 3490 nt
237 3439 261 3490 d.
282 3428 325 3490 36.
350 3434 407 3488 nrt.
425 3436 450 3488 1.
487 3434 595 3489 Eodem
615 3436 716 3490 ducunt
734 3435 869 3506 diffinita
887 3436 937 3507 Lg.
952 3438 969 3488 4
982 3453 1055 3491 corr.
1074 3437 1145 3491 vict.
1168 3455 1240 3491 corr.

192 3522 337 3575 distinctu
354 3520 396 3573 16.
414 3519 455 3574 76.
473 3519 516 3595 Sti.
554 3521 701 3573 destincte
721 3522 762 3576 73.
796 3521 885 3590 finita
905 3521 935 3574 Z.
955 3540 980 3590 p.
1004 3547 1040 3561 ·-
1071 3521 1166 3577 verbis
1189 3522 1240 3575 de-

190 3605 281 3675 finita
297 3621 356 3672 sqq.
375 3603 414 3656 sic
425 3603 566 3658 invertunt
584 3603 635 3675 Lg.
647 3606 689 3659 13.
698 3596 744 3660 'ou
761 3622 839 3673 quos,
860 3607 882 3658 si
895 3605 1049 3658 omitterent
1069 3606 1241 3672 distributa,

192 3689 321 3747 lrrhenteu
335 3690 527 3756 sequerensic
544 3690 714 3760 distinguens
731 3696 837 3743 notatu
854 3689 963 3753 uerbis,
985 3689 1108 3757 definita
1125 3697 1241 3763 peruert-

192 3774 256 3838 buo,
276 3766 429 3827 illustrata
443 3773 590 3845 partibus.
602 3803 638 3813 -—
656 3772 821 3843 illustrata]
840 3773 956 3828 inlustr.
976 3773 1026 3845 Lg.
1039 3776 1081 3829 65.
1096 3776 1136 3828 76.
1151 3777 1192 3830 73.
1208 3807 1241 3816 —-

193 3859 226 3913 id
244 3858 336 3928 quod]
357 3857 391 3910 t'd
408 3875 460 3921 om.
481 3857 532 3928 ng.
550 3858 683 3928 plerique,
703 3867 815 3929 praeter
833 3859 857 3921 2.
877 3859 902 3912 3.
921 3861 945 3912 d.
965 3859 1006 3913 13.
1022 3860 1064 3914 32.
1084 3861 1126 3927 36.
1141 3860 1240 3927 6164.

191 3942 235 3996 85.
260 3943 351 4012 idque
362 3942 405 3995 13.
419 3940 493 3995 haud
503 3943 583 3995 mole.¹
596 3970 631 3982 *-
640 3947 783 4017 potuisse
798 3941 867 4011 fieri
879 3942 934 3997 inv.
948 3944 989 3997 13.
1009 3944 1093 3997 uideo
1107 3948 1243 4014 potuisse

192 4026 262 4095 fieri
278 4028 305 4080 2.
322 4026 347 4080 3.
368 4027 393 4080 4.
412 4027 455 4085 32.
474 4026 576 4081 3667.
595 4025 664 4080 Vict.
684 4027 735 4081 Gn.
753 4028 778 4081 3.
803 4043 908 4094 eosque
923 4036 1031 4080 secutus
1049 4044 1116 4080 sum.
1149 4026 1242 4096 Vulgo

196 4111 265 4179 ficri
278 4115 416 4181 potuisse
434 4110 527 4165 video.
545 4139 580 4151 -
600 4111 751 4184 intelleqo]
769 4112 866 4183 scripsi
883 4111 1032 4164 secundum
1051 4109 1102 4179 Lg.
1121 4109 1146 4160 5.
1165 4111 1190 4163 6.
1210 4104 1247 4162 nu
