2876 4612
347 332 406 399 DE
433 317 660 401 ORATORE
687 328 811 399 LIBER
832 329 884 398 lll.
906 331 958 399 56.
1083 324 1174 407 ffl

121 504 222 572 modo
252 502 317 570 non
342 493 490 569 breviora
521 509 552 567 et
576 502 723 588 praecisa
754 510 843 566 arunt
870 494 1063 587 superiora),
1095 520 1173 588 quos

124 621 342 702 antenorem
370 630 422 685 aut
448 614 565 686 heroos
596 629 648 684 aut
675 618 814 684 altemros
842 637 914 683 esse
942 619 1096 705 oportebit
1122 630 1175 687 aut

123 744 164 805 im
188 736 309 827 paeone
335 737 393 804 illo
419 739 609 824 posteriore,
638 756 727 822 quem
753 735 942 802 Aristoteles
968 736 1093 823 probat,
1122 742 1175 804 aot

123 860 160 923 ei
182 858 251 943 pari
273 857 399 922 oretioo.
447 852 566 920 Horum
586 855 820 923 vicissitudines
843 852 992 931 silleium,
1019 865 1052 920 ut
1072 875 1173 941 noque

124 978 160 1041 ei
177 976 338 1051 satientur,
360 975 413 1059 qui
435 971 571 1048 audient,
593 971 722 1038 fastidio
740 971 953 1051 similitudinis
974 991 1034 1037 nec
1049 992 1115 1039 nos.
1130 973 1174 1052 il,

124 1093 215 1179 quod
229 1092 392 1167 laoiemos,
414 1109 512 1176 opera
532 1088 639 1155 dodim
658 1090 766 1156 facere
783 1090 953 1156 videamur.
987 1088 1059 1155 174.
1082 1088 1174 1169 Quod

126 1213 159 1275 si
180 1208 346 1294 Antipater
365 1206 420 1272 ille
443 1204 604 1285 Sidonius,
627 1227 719 1293 quem
739 1217 772 1273 ta
792 1206 899 1294 probe,
923 1204 1043 1285 Catule,
1065 1212 1174 1274 memi-⁴

124 1328 213 1403 nisti,
236 1325 347 1391 solitus
368 1334 418 1390 est
438 1343 550 1389 versus
566 1323 766 1390 hexametros
788 1324 931 1410 aliosque
952 1326 1051 1390 uariis
1072 1326 1174 1392 modis
1246 1406 1250 1412 Ι

127 1455 223 1530 atque
245 1443 382 1508 numeris
404 1441 535 1506 sundere
557 1461 596 1507 ex
613 1452 751 1528 tempore
771 1452 949 1527 tantumque
969 1440 1105 1508 hominis
1126 1444 1175 1508 in-

126 1563 255 1647 geniosi
277 1580 316 1626 ae
338 1560 484 1625 memoris
505 1557 605 1624 valuit
625 1561 822 1636 exercitatio,
848 1569 895 1636 ut,
923 1577 993 1624 cum
1015 1578 1050 1624 se
1072 1570 1174 1627 mento

129 1699 170 1747 ao
195 1678 353 1767 voluntate
382 1677 573 1742 coniecisset
597 1679 632 1741 in
655 1696 795 1754 uersum,
827 1676 927 1742 verba
953 1689 1173 1762 sequerentur:

128 1806 245 1883 quanto
272 1795 307 1859 iel
331 1794 459 1860 faoilius
486 1795 629 1860 oratione
650 1795 873 1860 exercitatione
899 1803 930 1858 et
951 1795 1175 1861 consuetudins

130 1896 272 1980 adhibita
293 1917 544 1996 consequemurl
589 1911 661 1977 195.
687 1909 769 1977 Illud
795 1920 897 1976 autem
918 1931 958 1976 ne
980 1914 1050 1997 quis
1074 1913 1174 1978 admi-

128 2006 215 2099 retur
235 2048 369 2115 quonam
392 2028 486 2095 modo
506 2026 586 2094 liaeo
602 2028 716 2112 uulgus
734 2030 946 2114 imperitorum
966 2030 1000 2093 in
1017 2031 1174 2097 audiendo

128 2158 229 2216 notet:
253 2167 322 2215 oum
344 2148 377 2211 in
394 2148 477 2213 omni
494 2164 612 2231 genere
632 2156 695 2212 tum
716 2149 750 2211 ia
771 2145 832 2213 loo
849 2148 918 2233 ipso
938 2164 1054 2232 magna
1075 2168 1174 2235 quae-

130 2390 290 2468 intelllgitor
314 2390 452 2464 quomodo
474 2395 503 2449 in
519 2394 597 2449 libris
613 2395 696 2449 toties
718 2396 802 2449 scribi
825 2390 951 2449 'cretionis
972 2404 1019 2450 ont
1036 2396 1175 2453 cheriem

132 2503 183 2557 pro
207 2482 313 2536 choreo
336 2480 471 2550 potueritg
496 2494 610 2547 quornm
632 2479 707 2550 prius
725 2479 770 2532 lric
787 2478 837 2550 Lg.
859 2479 898 2534 15.
917 2481 960 2534 74.
976 2479 1035 2547 86..
1059 2483 1174 2536 alterum
1248 2531 1253 2534 .

126 2571 157 2625 3.
176 2570 201 2623 5.
221 2566 261 2622 16.
279 2565 321 2621 76.
340 2563 383 2618 71.
401 2564 444 2618 67.
462 2563 505 2617 67.
525 2562 566 2616 76.
584 2563 626 2618 73.
645 2563 689 2621 93.
707 2563 824 2628 habeon
849 2564 895 2617 olli
913 2564 995 2617 etiam
1013 2570 1129 2620 erotcos
1146 2576 1175 2621 et

133 2650 274 2709 cortellos.
293 2679 329 2690 -
358 2655 413 2702 aot
435 2652 466 2702 in
481 2664 600 2720 paeone
619 2679 650 2689 -
669 2656 723 2701 aut
746 2648 786 2702 ei'
793 2653 869 2721 pari
885 2650 1007 2717 oratioe]
1030 2649 1112 2704 Bene
1135 2655 1175 2705 in·

132 2738 238 2794 tellexit
258 2733 308 2789 0r.
332 2733 470 2802 quomodo
494 2732 582 2786 verba
604 2733 758 2786 ordinando
781 2742 887 2798 essent3
910 2751 937 2788 v.
959 2735 1175 2804 explicationem

132 2823 181 2878 sed
198 2823 238 2875 sie
256 2818 429 2873 distinetione
446 2816 634 2870 abstinendum
650 2826 711 2871 erut
727 2827 789 2888 post
804 2818 958 2891 oportebit.
985 2818 1100 2873 Priores
1114 2838 1175 2875 conr

52 2964 55 2967 ,
132 2925 187 2961 non
204 2905 418 2967 intellexissent,
439 2901 585 2954 Lambinus
599 2902 758 2973 corrigebat
770 2919 918 2976 paeonem
929 2908 1130 2975 posteriorem
1147 2914 1176 2960 et

56 2976 79 3035 ἰ
130 3007 236 3065 parom
258 2991 415 3049 orettettm,
439 2984 537 3042 Pearc.
565 2995 593 3040 et
616 2985 679 3040 Eun.
705 2986 819 3041 verbum
840 2986 928 3056 finire
951 2989 995 3043 vel
1013 2988 1175 3058 finiendum

133 3075 267 3130 exeidlsse
281 3069 497 3142 suspicabantur,
516 3069 678 3127 Schuetnius
696 3072 779 3142 plane
795 3089 851 3126 non
864 3072 1004 3127 ferendam
1019 3075 1175 3145 explloaodl

132 3161 265 3215 rationem
285 3155 416 3211 tentabat.
436 3184 471 3197 -
499 3159 528 3209 et
545 3158 633 3227 part]
657 3163 688 3210 et
700 3162 780 3228 pari
801 3156 851 3228 lag.
868 3159 894 3212 3.
914 3160 938 3212 4.
959 3158 984 3213 5.
1011 3159 1049 3215 13.
1071 3161 1111 3217 lt.
1132 3163 1174 3218 16.

131 3240 172 3300 76.
192 3244 234 3299 71.
254 3243 296 3296 73.
320 3241 362 3296 37.
380 3241 423 3296 35.
448 3240 490 3294 65.
512 3239 553 3295 76.
572 3239 613 3296 73.
632 3242 674 3297 81.
710 3260 749 3295 ear
771 3242 818 3295 alii
840 3241 950 3311 quidam
975 3251 1002 3295 et
1026 3244 1078 3298 Ga.
1099 3246 1173 3298 1.-

133 3329 262 3400 efficient
284 3328 336 3394 ut]
359 3325 526 3396 efficientur
550 3324 600 3396 Lg.
618 3326 671 3379 XV
693 3326 859 3403 deteriores,
882 3325 961 3381 Vict·
980 3326 1032 3382 Ga.
1054 3327 1076 3382 l.
1095 3328 1120 3386 7.
1138 3358 1197 3371 -·

134 3403 176 3482 a]
194 3413 290 3483 scopa
309 3428 344 3465 οι
363 3411 412 3482 ng.
431 3411 455 3466 s.
475 3413 499 3465 n.
520 3409 560 3464 1³.
579 3409 621 3465 so.
640 3409 683 3466 os.
720 3410 753 3463 or
772 3410 824 3464 oa.
841 3411 867 3465 n.
884 3412 909 3465 a.
930 3420 957 3466 et
974 3409 1023 3481 ng.
1043 3410 1067 3467 a.
1086 3412 1112 3467 a.
1133 3413 1173 3473 rs.

135 3500 174 3553 15.
199 3498 239 3552 16.
263 3498 304 3551 17.
326 3496 369 3550 71.
393 3497 436 3551 67.
460 3496 501 3549 76.
521 3496 564 3549 73.
587 3494 629 3550 76.
651 3494 695 3551 86.
722 3495 793 3549 Vict.
830 3498 874 3548 ets
895 3494 930 3549 37
947 3512 1018 3549 corr.
1041 3506 1071 3551 ut
1095 3499 1120 3553 3.
1137 3527 1175 3542 »-

134 3583 213 3654 quod
232 3580 393 3651 foetemus]
414 3579 577 3649 facimus,
602 3580 681 3649 qood
708 3578 757 3649 bg.
782 3581 807 3634 3.
831 3580 857 3634 5.
880 3578 905 3634 o.
935 3580 975 3635 14.
1000 3581 1040 3636 17.
1063 3582 1106 3638 71.
1129 3585 1173 3639 73.

134 3663 361 3722 ercomenon.
376 3664 418 3719 81.
438 3664 507 3719 Viot.
526 3662 578 3718 Gn.
596 3663 618 3718 1.
632 3664 657 3716 7.
676 3664 715 3717 ita
728 3681 797 3718 corr.
812 3662 854 3718 37.
874 3662 948 3717 lrouel
960 3680 1028 3720 sane
1044 3668 1171 3726 deterius.

218 3750 276 3803 ron.
313 3748 364 3802 rra
389 3746 543 3816 matam]
566 3750 622 3804 aa
647 3748 698 3822 ng.
716 3750 741 3804 a.
767 3750 807 3804 m.
831 3749 873 3802 nr.
896 3748 938 3804 ro.
962 3749 994 3803 si
1016 3769 1086 3808 aa.
1110 3739 1172 3811 eoi.

22 3857 30 3873 r
135 3835 267 3906 quasdam
276 3840 344 3888 vett.
355 3860 390 3875 —
414 3834 456 3900 itt]
470 3850 522 3887 om.
537 3833 588 3889 Gu.
598 3834 623 3888 3.
636 3863 672 3875 ·-
690 3835 879 3902 cosummat]
894 3838 1028 3890 eiecisset
1040 3837 1092 3891 Gn.
1103 3837 1128 3895 3.
1142 3868 1172 3877 -

136 3919 280 3986 mattam]
298 3923 331 3972 in
347 3918 431 3990 vulgo
445 3919 565 3973 additum
580 3919 671 3973 dolavi
686 3928 795 3973 secutus
809 3918 859 3990 Lg.
872 3918 898 3974 7.
913 3921 938 3974 4.
956 3918 995 3974 13.
1009 3920 1046 3973 37
1053 3922 1115 3975 odel.
1129 3920 1172 3974 38.
1275 3946 1278 3951 ·

135 4000 185 4061 (iu.
203 4005 228 4059 3.
264 4003 358 4056 Sonos
375 4002 458 4072 paulo
481 4003 613 4075 ingratior
629 4013 736 4072 manet,
759 4004 819 4059 sive
841 4004 976 4058 edisseris
993 4004 1174 4074 praepositio·

134 4109 209 4158 nem,
227 4090 288 4144 sive
305 4087 438 4142 omiseris.
1079 4091 1081 4095 ·
1167 4097 1171 4107 ·

219 4172 279 4231 175.
313 4189 382 4229 cam
398 4200 433 4212 -
452 4172 527 4240 tum]
553 4178 617 4226 tum
632 4198 670 4215 ν-
687 4178 751 4226 tom
773 4170 825 4240 Lg.
842 4171 868 4225 7.
892 4170 917 4224 4.
943 4167 987 4224 74.
1009 4168 1050 4225 37.
1067 4168 1116 4226 31.
1141 4201 1172 4211 -
