2968 4596
412 321 470 389 DE
498 319 726 407 0111101111
746 322 878 394 LIBER
899 324 922 392 1.
944 324 975 392 4.
1170 330 1219 398 11

103 511 112 541 ὲ
167 496 216 560 tis
239 490 416 560 oratoribus
438 491 572 560 Graecis
594 490 918 581 cognitisqueeorum
938 491 1221 560 laens'adlihitn-

120 628 131 641 ‘
165 630 238 697 ,qne
260 610 438 677 doctoribus
460 611 638 677 incredibili
661 612 795 697 quodam
815 613 914 677 nostri
934 610 1077 677 homines
1095 610 1221 677 dicendi

170 728 277 794 studio
297 727 517 813 flagraverunt.
560 729 611 793 15.
633 726 798 796 Excitabat
813 748 869 795 eos
887 728 1065 813 magnitudo
1079 730 1220 795 varietas

168 844 396 933 multitudoque
419 847 551 911 inomni
572 862 689 930 genere
712 864 893 923 causamn,
915 856 948 911 ut
964 846 1005 912 ad
1020 865 1090 912 eam
1104 847 1220 912 doctri

168 982 262 1040 narn,
286 983 379 1049 qnam
401 982 459 1029 suo
482 965 612 1049 quisque
634 963 737 1029 studio
760 973 924 1029 assecutus
946 973 1045 1040 esset,
1067 963 1220 1048 adiunge·

168 1090 262 1146 retur
281 1101 355 1147 usus
377 1081 540 1167 frequens,
566 1083 619 1166 qni
646 1082 781 1145 omnium
806 1081 1026 1164 magistrorum
1051 1090 1220 1166 praecepta

170 1207 347 1282 superaret.
390 1196 489 1264 Erant
515 1208 615 1263 autem
639 1195 712 1263 huic
733 1197 836 1263 studio
858 1198 1008 1275 mamma,
1036 1216 1117 1283 qnae
1138 1216 1220 1264 nune

111 1364 116 1373 .
172 1333 300 1401 quoque
328 1325 413 1394 sunt,
444 1317 588 1401 exposita
616 1316 759 1401 praemia
787 1314 838 1380 vel
867 1314 908 1380 ad
933 1317 1070 1398 gratiam
1099 1313 1151 1380 vel
1180 1314 1221 1379 ad

172 1449 256 1518 opes
280 1431 332 1497 vel
359 1432 400 1497 ad
426 1432 618 1516 dignitatem.
660 1429 794 1515 Ingenia
817 1450 897 1509 uero
921 1431 967 1513 (nt
993 1430 1098 1497 multis
1123 1414 1396 1497 roboredum-²

171 1567 342 1636 possumus
368 1549 523 1631 iudicare)
553 1558 731 1614 nosmornm
760 1546 917 1613 hominum
949 1548 1074 1613 multum
1107 1550 1221 1615 ceteris

173 1665 355 1730 bominibus
376 1668 511 1732 omnium
532 1666 672 1750 gentium
691 1665 920 1750 praestiterunt.
949 1662 1069 1742 Quibus
1090 1665 1129 1730 de
1146 1684 1221 1732 cau-

178 1782 231 1847 sis
254 1783 321 1868 quis
340 1803 402 1849 non
420 1785 488 1867 iure
510 1783 643 1849 miretur,
660 1800 701 1847 ex
723 1782 807 1846 omni
828 1781 978 1845 memoria
997 1790 1131 1846 aetatum
1146 1790 1223 1847 tern-
1338 1832 1348 1855 .

176 1918 303 2021 pornm4
310 1902 464 1966 civitatum
482 1910 546 1965 tam
560 1900 707 1983 exiguum
723 1907 881 1963 oratorum
895 1916 1054 1962 numerum
1068 1900 1222 1966 invenirit

177 2014 246 2082 Sed
268 2007 354 2102 enim
370 2020 471 2083 mains
494 2026 543 2084 est
562 2014 624 2082 boc
646 2013 805 2101 quiddam,
828 2034 921 2100 quam
935 2012 1077 2082 homines
1091 2019 1221 2105 opinan-

176 2143 241 2213 tur,
270 2144 300 2203 et
319 2134 461 2223 pluribus
483 2155 523 2203 ex
544 2132 664 2205 artibta
686 2131 858 2220 studiisque
881 2131 1055 2201 collectum.

178 2369 269 2423 estin
286 2369 337 2434 67,
359 2385 402 2438 pr.
418 2385 471 2433 m.,
494 2367 578 2436 idque
594 2384 661 2422 sane
678 2368 774 2421 lectius
791 2368 909 2424 videtur.
927 2397 963 2411 --
991 2367 1221 2439 arbitrarentur]

179 2451 411 2506 arbitrabantur
425 2450 478 2519 Lg.
485 2451 529 2505 67.
545 2479 581 2490 -
599 2451 704 2522 liter-tc]
722 2452 761 2504 sic
771 2450 823 2523 Lg.
831 2451 879 2507 Vl.
895 2469 1048 2522 quanquam
1062 2454 1223 2523 peiores.—

183 2533 370 2604 doctnribns]
396 2533 539 2590 doctrinis
563 2533 614 2605 Lg.¹
639 2535 680 2592 17.
706 2537 750 2593 65.
787 2552 934 2589 eerum-
947 2535 1145 2604 adhibitisque
1167 2553 1222 2591 orn.

179 2619 257 2676 Gud.
277 2619 304 2675 dr

72 2748 77 2757 ‚
127 2719 132 2723 ·
270 2703 311 2760 15.
347 2702 493 2774 varietas]
519 2710 548 2757 et
573 2705 655 2777 vulgo
679 2704 850 2776 praecedens
873 2721 928 2759 om.
950 2700 1002 2773 Lg.
1021 2701 1049 2757 1.
1067 2703 1094 2756 4.
1118 2701 1159 2758 13.
1179 2702 1222 2760 31.

176 2789 225 2845 36.
240 2789 275 2843 76
293 2789 357 2844 add.
377 2797 407 2842 nt
422 2789 447 2842 3.
466 2795 495 2842 et
513 2798 541 2842 et
559 2808 614 2859 qne
631 2807 686 2845 orn.
702 2791 755 2846 Gn.
770 2790 796 2844 3.
815 2806 852 2842 ac
868 2787 920 2859 Lg.
935 2788 959 2843 3.
976 2787 1002 2843 5.
1019 2786 1046 2842 6.
1063 2787 1102 2843 14.
1123 2788 1163 2844 15.
1181 2789 1223 2846 16.

180 2875 224 2930 17.
248 2873 292 2929 16.
314 2873 358 2929 11.
378 2873 423 2928 13.
445 2873 489 2929 14.
512 2873 556 2929 35.
574 2874 618 2928 65.
637 2874 682 2929 67.
701 2873 745 2929 69.
767 2874 810 2928 76.
831 2873 874 2929 73.
892 2873 937 2929 81.
955 2873 999 2928 84.
1017 2872 1061 2927 86.
1080 2872 1124 2928 83.
1149 2874 1222 2931 vict.

177 2958 394 3027 11164161556111.
412 2998 414 3003 -
431 2958 525 3029 Saepe
541 2966 696 3011 correctum
713 2967 770 3024 est,
791 2975 850 3011 curn
867 2975 949 3011 unum
970 2963 999 3010 et
1015 2975 1038 3012 s.
1057 2975 1111 3026 que
1129 2959 1223 3014 ultimo

177 3041 303 3097 membro
314 3041 497 3109 adhaerebat,
514 3042 549 3095 de
561 3059 616 3112 qna
628 3058 659 3096 re
670 3042 735 3096 vide
746 3043 943 3113 explicationes
961 3042 997 3095 ad
1013 3040 1048 3097 ll.
1063 3043 1106 3108 34,
1119 3043 1178 3100 145.
1188 3075 1224 3090 -

178 3124 278 3195 omni]
305 3131 435 3179 omnium
454 3126 506 3197 ng.
526 3125 553 3181 1.
572 3142 628 3180 om.
645 3125 673 3181 6.
690 3155 727 3166 ——-
762 3126 967 3196 unoquisque]
993 3127 1103 3182 invertit
1124 3130 1176 3186 Ga.
1195 3134 1221 3188 1·.

178 3214 299 3282 anenno
316 3229 344 3280 p.
363 3210 463 3264 stadio
479 3211 552 3265 vict.-
571 3237 609 3250 ··-
629 3210 796 3281 assecutas]
815 3198 974 3264 adsecutus
991 3211 1043 3282 Lg.
1065 3213 1109 3268 65.
1123 3214 1166 3269 76.
1180 3214 1223 3270 73.

177 3295 226 3350 84.
244 3293 289 3350 93.
308 3300 479 3351 consecutus·
499 3293 543 3349 13.
563 3293 606 3350 37.
629 3293 682 3349 Gu.
703 3294 727 3349 l.
746 3294 772 3347 1.
794 3314 815 3349 ε.
837 3304 865 3349 et
881 3312 932 3365 per
948 3312 1006 3365 qne
1022 3295 1065 3352 81.
1086 3323 1122 3337 —
1149 3316 1225 3368 qaae

178 3395 260 3434 nanc
279 3378 404 3449 quoqne]
428 3394 615 3448 quaeeunque
639 3377 693 3433 Gn.
714 3378 738 3435 l.
766 3385 834 3432 arnt
856 3396 967 3448 quoqne
991 3381 1103 3434 inverso
1128 3384 1225 3438 ordine

179 3464 234 3535 Lg.
253 3463 297 3520 65.
317 3462 371 3517 Gn.
393 3462 417 3517 1.
435 3491 471 3504 —
504 3461 657 3534 exposita]
672 3450 781 3529 codd„
806 3472 835 3516 nt
854 3464 976 3528 videtur,
1001 3481 1096 3518 ornnes
1115 3476 1142 3520 et
1160 3468 1224 3524 edd.

180 3548 286 3618 antiqu.
318 3550 479 3620 proponite
501 3546 566 3602 Ald.
588 3546 658 3602 lunt.
680 3547 755 3603 Crat.
777 3545 856 3602 Man.
874 3546 972 3600 Lamb.
995 3546 1065 3603 Ern.
1087 3559 1114 3603 et
1132 3569 1225 3607 recen·

180 3635 279 3687 tiores.
301 3657 338 3672 —
379 3629 499 3700 ceteris]
537 3647 571 3683 oe
605 3629 655 3701 Lg.
688 3630 730 3686 13.
759 3631 803 3686 16.
832 3631 866 3684 67
894 3648 930 3683 ac
960 3631 1001 3687 17.
1031 3632 1076 3689 13.
1106 3633 1150 3690 14.
1181 3636 1225 3692 36.

180 3716 227 3773 37.
243 3716 287 3772 84.
307 3714 353 3770 86.
373 3742 410 3757 —-
443 3714 607 3784 sedenim]
632 3716 672 3768 sic
690 3724 765 3768 recte
785 3715 838 3786 ng.
860 3715 888 3770 1.
909 3717 926 3768 4
944 3733 1017 3772 corr.
1039 3716 1079 3786 13.
1099 3717 1133 3770 31
1152 3738 1225 3777 corr.

180 3800 236 3856 Gur
256 3800 283 3854 3.
302 3799 377 3854 vict.
411 3798 478 3853 Non
503 3800 670 3853 intellectum
696 3798 750 3852 hoc
776 3800 904 3870 vulgatae
929 3801 1082 3870 scripturae
1110 3804 1163 3856 aed
1180 3808 1236 3858 nt··

117 3951 125 3959 .
179 3888 293 3938 mirum
310 3880 444 3954 originem
463 3883 552 3947 dedit3
577 3899 732 3954 quanquam
750 3887 829 3936 enim
850 3884 931 3940 inser.
949 3887 1092 3938 nimirum
1109 3885 1161 3957 ng.
1173 3888 1227 3954 76..

178 3971 326 4024 nimirum
345 3982 418 4023 corr.
438 3974 468 4021 et
483 3963 563 4021 enirn
578 3966 622 4022 81.
658 3971 766 4021 etentm
782 3967 826 4023 35.
840 3976 849 4001 ⁵
862 3973 892 4020 et
910 3971 1052 4021 nimirum
1068 3968 1098 4025 3.·
1116 3970 1148 4035 5,
1165 3988 1226 4025 var.

180 4063 213 4107 nt
236 4053 265 4108 1.
288 4052 316 4108 6.
340 4051 383 4108 17.
400 4050 444 4110 11.
459 4052 494 4107 14
518 4050 724 4110 connotat.
742 4051 786 4107 732
809 4078 844 4095 ·-
874 4049 1041 4120 collectum]
1066 4052 1228 4105 conlectum

179 4137 235 4209 bg.
253 4137 279 4196 5.
296 4136 343 4193 65.
364 4168 367 4173 »
