2938 4590
249 267 349 359 aco
648 260 907 341 urceuonrs

193 506 196 519 .
249 432 326 511 uilio
358 434 498 519 grauiter
529 431 720 501 claudicanti
752 451 792 498 en
817 431 945 498 uulnere
976 429 1019 496 ob
1048 428 1303 518 rempublicam
1378 451 1384 462 ·

250 560 379 636 accepto
412 560 443 617 et
479 549 518 619 ob
552 569 623 615 eam
653 568 784 643 eausam
815 547 1039 617 verecundanti
1075 549 1109 613 in
1139 536 1321 634 publicum(

249 666 375 753 prodire
403 677 503 736 mater
531 667 623 735 dixit:
655 667 742 744 Quin
758 644 888 748 prodis.
915 669 960 730 nti
982 665 1109 747 Spuri?
1138 649 1303 748 quotiens-

252 805 372 868 cunque
398 787 532 866 qrodntn
557 785 667 869 socies,
697 786 809 849 totiens
838 785 893 849 tibi
921 794 1048 848 tuornnt
1069 785 1224 871 virtutum
1244 802 1301 848 oe-

240 905 315 969 ‘niet
335 905 371 972 in
391 913 537 975 noralem,
564 901 761 987 praeclarum
789 911 819 966 et
846 919 944 985 granc
968 910 1030 978 est3
1059 899 1140 985 quod
1164 897 1303 967 Calvino

252 1016 388 1085 Glaucia
409 1018 614 1088 claudicanti:
644 1018 702 1082 Ubi
724 1028 768 1082 est
789 1028 876 1083 octus
898 1019 994 1082 illud:
1017 1036 1095 1082 nnun
1116 1019 1300 1083 claudicat?

251 1135 291 1203 At
317 1139 366 1201 bic
392 1139 536 1210 clodicot,
565 1134 626 1201 hoc
652 1133 818 1200 ridiculum
845 1144 911 1213 est3
942 1143 972 1200 et
999 1144 1159 1220 utrumque
1187 1154 1226 1199 ex
1248 1154 1301 1211 co,

252 1252 335 1339 quod
367 1253 400 1318 ln
431 1250 661 1320 claudicatione
684 1234 904 1317 'animaduerti
934 1253 1048 1337 potuit,
1086 1261 1135 1318 est
1165 1251 1300 1316 ductum.

251 1371 340 1447 Qoto
365 1374 423 1434 boo
448 1370 567 1435 Noeoio
595 1370 767 1452 iqnoot'ns?
799 1374 909 1434 severe
937 1365 1063 1454 Scipio3
1097 1377 1128 1435 at
1156 1370 1190 1433 in
1215 1367 1300 1435 male

252 1485 388 1552 olentem
414 1487 506 1552 Video
524 1506 571 1551 nne
593 1498 659 1553 ote
680 1488 900 1552 circumveniri
922 1484 1112 1551 subridicule
1127 1484 1299 1573 Philippus.

252 1601 296 1668 At
322 1614 482 1690 utrumque
514 1624 614 1689 genus
646 1581 783 1671 continet
808 1604 914 1670 uerbix
931 1604 972 1669 ad
998 1603 1122 1669 literam
1148 1605 1300 1670 immutati

253 1721 434 1788 slmllitudo.
478 1721 551 1786 966.
578 1697 625 1787 Ex
654 1721 801 1806 ambiguo
828 1721 912 1787 dicta
936 1721 987 1787 vel
1016 1723 1218 1806 argutissima
1241 1741 1300 1808 pu-

251 1849 364 1918 tantur,
391 1839 448 1905 sod
468 1860 532 1905 non
554 1859 678 1926 semper
697 1841 730 1903 in
751 1841 833 1916 ioco,
856 1857 952 1925 saepe
974 1840 1069 1904 etiam
1090 1840 1124 1905 in
1144 1840 1299 1924 maritate

250 1966 426 2023 versantur.
469 1954 621 2023 Africano
648 1955 697 2024 illi
724 1957 879 2041 superiori
902 1976 1052 2022 coronam
1079 1955 1142 2021 sibi
1167 1957 1201 2020 in
1223 1975 1300 2022 con·

251 2074 336 2143 uivio
358 2070 399 2137 ad
417 2081 509 2157 caput
526 2072 784 2150 accommodanti,
805 2090 875 2139 cum
891 2092 932 2138 ca
953 2075 1080 2161 saepius
1098 2083 1299 2159 rumperetur,

254 2187 289 2259 P.
312 2185 454 2258 Licinius
475 2185 592 2266 Vanus,
618 2189 692 2257 Noli
712 2192 842 2264 unirent,
865 2191 977 2276 inquit,
999 2193 1028 2256 si
1048 2210 1115 2259 noo
1135 2194 1298 2268 concentu

152 2337 155 2347 v
253 2317 346 2388 capnt
374 2307 456 2370 enin
485 2297 635 2387 noqnnnt
661 2317 715 2372 est.
763 2302 941 2372 Laudabile
973 2317 1004 2372 et
1033 2305 1206 2374 honestum.
1255 2306 1299 2374 At

254 2442 293 2488 ex
314 2422 423 2493 eodem
446 2443 563 2513 maere
586 2432 650 2493 ost:
675 2423 787 2493 Colono
807 2428 886 2494 soto
902 2436 957 2501 ost,
980 2427 1065 2512 qood
1080 2428 1156 2491 dicit
1167 2444 1297 2512 perora.

339 2656 398 2712 nto.
435 2655 637 2726 claudicanti]
661 2654 820 2712 crtutillontd¹
839 2656 890 2730 ng.
908 2657 934 2714 3.
958 2659 1001 2715 36.
1020 2686 1056 2701 —-
1084 2658 1218 2731 accepto]
1242 2657 1297 2712 ad·

253 2747 339 2814 cepto
363 2741 413 2812 bg.
439 2742 482 2796 65.
508 2742 550 2796 70.
576 2742 618 2797 73.
643 2771 680 2782 -
712 2744 793 2814 qnia]
818 2744 891 2812 qnid
913 2743 963 2815 ng.
991 2744 1030 2798 ld.
1069 2744 1174 2814 quidni
1195 2742 1236 2796 76.
1261 2769 1314 2813 ——p

252 2827 510 2900 quotienscunque]
535 2833 569 2880 nt
592 2830 670 2898 qnot.
693 2837 725 2895 ψ.
751 2826 802 2884 Gu.
823 2826 846 2886 l.
872 2829 916 2883 ed.
941 2828 1011 2883 vict.
1034 2826 1114 2882 Man.
1139 2825 1187 2884 0r.
1209 2826 1296 2884 Henr.

252 2910 285 2965 ld
303 2911 422 2980 probare
438 2928 494 2964 non
512 2928 637 2980 possum,
656 2912 720 2979 qnia
737 2911 776 2969 sic
794 2912 934 2965 soloecum
953 2921 995 2967 est
1011 2903 1125 2982 faciem
1144 2928 1297 2983 quanquam

145 3010 148 3013 ·
250 2993 353 3069 facins
379 2994 431 3048 Gn.
451 2993 475 3048 1.
494 2995 519 3050 2.
546 2994 637 3051 Havn.
658 2993 725 3051 1.2.
750 2996 811 3052 Ald.
836 2995 905 3050 lunt.
930 2996 1002 3054 Crat.
1027 2996 1122 3052 humb.
1159 3003 1239 3066 etp.
1264 3002 1300 3050 nt·

251 3076 341 3136 Havn.
364 3076 401 3137 B.
425 3076 488 3135 edd.
512 3079 594 3146 antiq.
630 3077 702 3133 Mox
725 3084 821 3134 ueniet
839 3092 870 3150 ψ.
895 3080 945 3153 Lg.
969 3098 1064 3135 omnes
1087 3090 1198 3152 practer
1215 3081 1241 3134 2.
1260 3078 1312 3151 3..

252 3181 367 3235 quorum
382 3172 480 3221 neuter
496 3171 587 3219 tamen
606 3169 639 3218 nt
656 3162 748 3231 habet,
767 3181 816 3218 nec
832 3166 920 3236 magis
933 3165 1043 3235 focius.
1071 3169 1189 3220 ueniunt
1206 3155 1258 3221 Gn.
1270 3166 1295 3225 2.
1407 3212 1410 3216 .

251 3247 337 3321 Igitur
366 3247 445 3302 codd.
475 3247 669 3317 plerorumque
698 3250 860 3319 scripturam
887 3251 1017 3304 deserere
1045 3249 1129 3304 nolui.
1171 3249 1297 3307 Ceterum

251 3336 497 3406 quotienscunque
520 3332 553 3400 (a.
574 3334 603 3400 o)
628 3341 656 3386 et
679 3341 743 3402 post
768 3337 875 3390 totiens
897 3332 947 3408 Lg.
972 3335 1110 3405 plerique,
1135 3334 1201 3387 illud
1219 3334 1296 3411 prius

135 3477 138 3484 ¹
250 3426 343 3485 tamen
362 3432 417 3468 non
434 3414 459 3470 2.
477 3415 503 3468 3.
521 3417 546 3470 5.
564 3415 606 3483 6.,
630 3415 683 3470 hoc
700 3435 755 3471 non
776 3417 801 3473 3.
820 3419 845 3473 5.
864 3418 905 3484 6.,
930 3417 980 3475 sed
998 3418 1049 3474 Gu.
1071 3417 1094 3478 1.
1113 3418 1139 3476 2.
1158 3446 1194 3459 —-
1220 3417 1296 3488 qnod

255 3500 388 3567 Caluina]
410 3507 457 3553 ost
475 3498 553 3569 quood
570 3497 654 3561 Calo.
674 3498 723 3575 ug.
740 3501 765 3558 5.
785 3502 882 3559 15.16.
901 3503 942 3559 70.
958 3504 999 3559 73.
1018 3503 1061 3558 86.
1081 3533 1113 3543 -
1134 3502 1295 3571 elaeodicot]
1377 3552 1380 3559 .

251 3583 406 3642 claudicas
428 3586 522 3639 nescio
542 3586 614 3641 uude
632 3586 709 3643 Grut.
728 3585 794 3639 Ern.
813 3587 877 3641 Scb.
895 3585 1008 3651 Muell.;
1034 3587 1186 3643 clncudlcnt
1204 3604 1296 3643 ornnes

250 3670 336 3726 codd?
357 3678 384 3727 et
410 3668 472 3725 edd.
500 3680 564 3726 ante
587 3670 665 3727 Grut.
701 3670 771 3725 Post
796 3669 926 3726 elodicot
950 3672 977 3724 in
1002 3670 1052 3745 Lg.
1073 3670 1114 3727 76.
1139 3673 1295 3742 inscriptum

250 3752 379 3810 olodc‘nm
397 3757 536 3810 inritator
552 3755 570 3809 i.
590 3773 613 3812 e.
634 3753 795 3825 adnitendi.
812 3785 849 3800 κ-
872 3755 952 3809 male
970 3757 1105 3824 olentem]
1122 3755 1294 3810 malevolen-

249 3844 310 3893 iem
324 3837 375 3909 Lg.
390 3839 432 3893 36.
446 3868 480 3898 -‚·-
499 3840 722 3905 circumueniri]
740 3839 779 3892 sic
793 3839 873 3906 codd.
893 3839 1018 3912 plerique
1035 3843 1108 3910 (nam
1122 3828 1150 3894 in
1162 3838 1223 3898 Pal.
1236 3840 1259 3894 l.
1270 3840 1294 3897 3.

250 3921 347 3975 Gallie.
367 3922 402 3979 Z.
428 3918 472 3974 bic
490 3923 589 3979 lacuna
606 3930 663 3986 cst,
687 3930 716 3998 ut
737 3922 765 3975 in
787 3921 838 3994 Lg.
857 3925 882 3977 4.
904 3923 944 3978 13.
965 3924 1008 3983 33.
1033 3924 1142 3992 (16.3.)
1168 3933 1195 3978 ot
1212 3924 1294 3994 vulgo

251 4004 313 4058 add.
339 4007 496 4075 ‚conveniri
507 4003 558 4073 Lg.
571 4003 596 4056 2.
607 4003 652 4059 36.
680 4008 894 4069 circumveniri,
908 4022 969 4060 non
983 4012 1133 4063 conveniri
1145 4006 1241 4079 Steph.
1261 4024 1294 4065 ex

251 4085 378 4146 Strebaei
395 4085 561 4159 conjectura,
580 4103 633 4159 qua
652 4102 707 4142 non
726 4105 803 4162 opus.
832 4089 876 4147 De
890 4093 1029 4167 sententia
1046 4109 1072 4153 v.
1087 4091 1292 4165 explicationes.
