2968 4596
434 299 492 371 uu
515 299 745 369 eunucus
776 300 945 387 nunus.
970 303 1019 370 ro.
1187 308 1246 377 aa

285 469 327 537 X.
361 471 412 539 39.
441 469 546 550 (laidi
568 471 658 556 leges
673 482 797 539 veteres
813 491 941 558 musque
959 473 1131 551 maiorum3
1153 471 1247 559 quidi

195 591 358 676 auspicia,
385 589 497 675 quibus
526 600 567 663 ct,
583 610 643 674 ego
670 600 701 654 et
726 600 773 667 tu,
801 587 932 666 Crasse,
960 610 1031 656 cum
1057 608 1175 676 magna
1200 592 1247 658 rei

193 707 345 795 publicae
371 708 473 773 salute
500 726 701 794 praesumus3
735 707 830 793 quidt
856 708 1027 793 religiones
1056 718 1087 774 et
1112 711 1246 777 cerimo-

194 827 292 902 niae3
314 825 409 911 quidt
431 824 512 891 haec
534 827 604 890 iura
625 824 746 901 civilia,
770 844 851 911 quae
873 825 1076 912 iampridem
1091 827 1248 894 innostra

196 942 324 1008 familia
350 945 418 1009 sine
445 943 513 1008 ulla
530 930 738 1029 'eloquentiae
766 942 861 1008 laude
887 953 1065 1020 versantur,
1096 964 1169 1009 num
1195 954 1248 1010 aut

129 1109 132 1112 -
195 1063 328 1126 inventa
348 1072 419 1127 suut
442 1072 494 1126 aut
517 1064 644 1159 cognita
666 1062 864 1133 aut-omnino
888 1060 929 1125 ab
951 1070 1108 1127 oratorum
1129 1081 1246 1146 genere

194 1185 354 1245 tractatat
408 1177 460 1244 46.
489 1176 641 1265 Equidem
667 1188 699 1245 et
724 1176 795 1244 Ser.
819 1177 955 1244 Galbam
979 1179 1132 1244 memoria
1155 1190 1246 1247 teneo

196 1297 338 1362 divinum
364 1296 522 1363 bominem
549 1300 582 1361 in
608 1296 741 1363 dicendo
768 1306 799 1362 et
825 1295 869 1361 M.
892 1295 1062 1363 Aemilium
1082 1295 1248 1363 Porcinam

197 1423 234 1480 et
255 1411 288 1479 C.
304 1417 404 1501 ipsum
420 1413 611 1491 Carbonem,
633 1434 725 1499 quem
746 1423 779 1479 tu
801 1413 1054 1480 adolescentulus
1075 1413 1247 1501 perculisti,

194 1535 344 1616 ignarum
370 1533 475 1616 legum
500 1531 709 1598 haesitantem
735 1532 769 1595 in
794 1533 946 1597 maiorum
972 1533 1117 1597 institutis
1139 1531 1248 1598 rudem

198 1653 238 1715 in
263 1651 330 1714 iure
357 1650 457 1729 civili3
483 1648 621 1716 ethaeo
650 1659 739 1713 aetas
766 1658 875 1713 nostra
898 1658 1088 1734 praetorto,
1118 1647 1246 1726 Crasse,

202 1769 260 1853 qui
281 1777 333 1834 tuo
354 1770 453 1852 magis
471 1767 588 1845 studio,
612 1767 851 1853 quamproprie
872 1785 999 1831 munere
1020 1766 1126 1852 aliquo
1148 1765 1248 1832 diser·

287 1992 322 2048 X.
357 1991 400 2048 39.
435 1994 558 2061 veteres]
584 1999 716 2046 ceterum
737 1991 788 2064 ng.
806 1990 847 2048 63.
866 2020 903 2034 ν-
937 1993 1068 2063 monente]
1093 1992 1140 2047 Slc
1156 1991 1244 2050 llavra

198 2080 225 2134 1.
244 2078 268 2134 7.
298 2079 349 2133 Gn.
371 2077 619 2133 laniatum.
641 2075 691 2132 Or.
711 2076 795 2131 Henr.
822 2077 984 2150 vulgabatur
1006 2096 1175 2150 moresque,
1202 2080 1247 2149 qul

197 2164 312 2235 pluralis
336 2179 474 2231 nunquam
498 2163 596 2215 dicitur
624 2163 660 2215 de
687 2179 764 2216 more
788 2162 898 2233 publico
922 2162 1054 2230 civitatis,
1086 2164 1131 2233 qul
1156 2163 1247 2235 legum

197 2249 256 2302 vim
275 2257 383 2317 aequat.
419 2246 486 2301 Non
505 2247 575 2301 enim
594 2247 706 2302 obstant
725 2264 823 2300 mores
841 2250 973 2301 civitatis
994 2249 1011 2302 l.
1031 2266 1055 2303 e.
1076 2249 1189 2313 civium,
1212 2248 1248 2301 de

196 2331 251 2389 Or.
271 2332 305 2387 ll.
326 2331 370 2397 82,
387 2331 464 2396 337,
489 2349 544 2384 uon
561 2333 645 2403 magis
664 2348 744 2401 quam
761 2349 814 2385 trec
832 2331 942 2404 lacibus
960 2331 1162 2387 necatoribus
1180 2348 1247 2385 core

199 2434 320 2471 cessum
340 2416 442 2482 Script.
459 2414 523 2468 bell.
542 2416 618 2469 Alex.
635 2416 680 2481 67,
699 2417 721 2471 1.
758 2422 788 2470 et
804 2419 869 2488 eqo]
888 2424 917 2470 et
935 2435 986 2473 orn.
1006 2418 1055 2489 ng.
1074 2416 1165 2470 XXlll
1185 2418 1249 2484 (nec

201 2511 298 2554 tamen
315 2498 390 2551 213.
401 2497 458 2565 38.)
479 2504 506 2550 et
523 2497 608 2552 (16.3.
628 2501 697 2556 Vict.
715 2502 791 2555 addit
810 2500 956 2555 Scaevola
974 2510 1002 2554 et
1016 2518 1067 2554 om.
1085 2499 1199 2553 Crasse.
1211 2528 1248 2540 -

193 2583 392 2660 praesumus]
409 2581 578 2654 prefecimus
598 2584 647 2655 Lg.
667 2585 706 2640 15.
725 2585 759 2638 84
776 2603 847 2640 corr.
865 2585 909 2639 st.
926 2614 963 2625 —-
997 2584 1188 2649 cerimoniae]
1209 2583 1249 2634 slc

198 2670 252 2742 ng.
279 2685 373 2722 omnes
396 2675 508 2737 praeter
529 2667 570 2722 65.
594 2668 635 2724 67.
661 2671 701 2725 73.
725 2670 769 2724 86.
792 2670 843 2736 93,
867 2670 895 2722 in
921 2668 1017 2736 quibus
1039 2669 1247 2730 caerimoniae,

196 2757 266 2811 item
284 2753 335 2807 Gu.
354 2751 379 2806 2.
391 2753 416 2807 3.
438 2781 474 2793 ·-
508 2752 559 2806 llic
573 2754 697 2823 sequitur
716 2773 738 2810 c.
760 2755 800 2809 ll.
820 2755 848 2807 in
867 2754 918 2809 Gn.
935 2754 958 2809 l.
978 2783 1014 2792 —
1039 2755 1101 2805 dam
1117 2752 1247 2824 pridem]

193 2842 239 2895 alc
264 2836 313 2910 bg.
339 2837 363 2891 2.
390 2836 433 2892 65.
459 2837 501 2892 67.
522 2839 562 2894 76.
588 2840 630 2894 73.
655 2839 696 2893 76.
719 2840 761 2894 81.
784 2839 827 2895 ut.
850 2838 892 2894 86.
917 2839 959 2894 93.
996 2837 1066 2893 Bell.
1088 2835 1135 2910 ὑφ’
1155 2837 1193 2893 ἓν.
1210 2867 1246 2880 -

195 2925 283 2991 num]
305 2938 381 2976 aurae
401 2922 453 2976 Gn.
470 2922 497 2977 3.

285 3007 326 3062 tc.
363 3007 509 3077 eqrtidem]
534 3011 645 3061 etenim
666 3004 717 3078 Ing.
735 3007 776 3062 21.
796 3037 833 3049 —-
867 3006 945 3076 San]
965 3005 1104 3078 Samium
1120 3006 1170 3078 Lg.
1188 3006 1246 3074 Vl„

196 3109 316 3162 quorum
336 3091 377 3145 15.
396 3091 455 3157 titt,
475 3093 574 3145 mendo
596 3091 660 3144 olim
678 3092 705 3144 in
724 3092 786 3147 cdd.
804 3092 998 3163 vulgatissimo.
1015 3120 1051 3133 -—-
1085 3091 1245 3161 homoinem]

195 3183 296 3231 virum
316 3175 365 3247 Lg.
383 3175 425 3230 31).
445 3204 482 3217 -
518 3176 562 3245 0.]
580 3176 620 3229 sle
637 3177 687 3248 hg.
706 3194 800 3230 ornnes
818 3194 858 3247 pr.
870 3177 928 3241 32,
949 3177 995 3244 qul
1014 3174 1063 3230 Cn.
1071 3216 1081 3240 ,
1104 3184 1132 3229 ut
1151 3176 1246 3242 Grau„

196 3262 285 3326 male3
310 3261 444 3331 cogitasse
465 3262 575 3314 videtur
601 3261 637 3315 de
660 3261 708 3317 Cn.
730 3261 855 3315 Carbone
874 3260 997 3314 Cinnano
1016 3267 1057 3312 ter
1074 3260 1192 3314 consule.
1210 3289 1247 3302 -

196 3344 448 3413 adolescentulae]
475 3345 556 3414 adul.
580 3345 630 3416 ng.
648 3346 690 3401 36.
709 3347 752 3400 65.
770 3346 813 3400 69.
834 3346 875 3400 73.
896 3344 938 3400 81.
955 3374 992 3388 „-
1022 3345 1190 3416 peroulistr']
1207 3347 1247 3400 alc

196 3429 249 3502 ng.
268 3431 293 3483 3.
314 3431 338 3484 d.
360 3429 400 3483 13.
423 3428 463 3483 ld.
483 3429 525 3483 15.
548 3428 588 3483 16.
608 3430 649 3484 aa:
666 3431 707 3486 31
724 3430 767 3486 36.
780 3431 823 3490 69.
838 3431 879 3484 73.
892 3429 925 3482 76
943 3430 1015 3498 (cum
1031 3439 1132 3499 puncto
1151 3431 1202 3484 sub
1218 3432 1245 3499 I)

166 3558 170 3567 .
195 3514 242 3569 85.
264 3514 306 3570 86.
331 3513 459 3581 ducitque
484 3515 582 3567 eodem
602 3516 746 3587 pecudiali
778 3515 827 3587 ng.
851 3515 892 3568 70.
934 3513 964 3566 ln
990 3514 1057 3568 vict.
1083 3515 1245 3587 pertulisti,

197 3617 235 3652 ex
255 3615 308 3667 quo
332 3615 413 3656 erasa
435 3600 578 3668 superiore
601 3610 680 3670 parte
702 3601 799 3653 literae
823 3606 835 3652 t
857 3599 956 3652 facturn
978 3599 1141 3670 perarmati.
1173 3618 1244 3671 per·

196 3683 297 3737 tulisti
321 3682 373 3754 Ing.
391 3681 415 3736 8.
432 3681 480 3748 32,
506 3683 535 3736 ln
558 3682 611 3736 boc
635 3702 704 3739 corr.
727 3684 888 3756 perpulisti
910 3691 938 3738 et
961 3685 1039 3738 inser.
1060 3687 1244 3755 percussisti.

192 3767 357 3842 perpulisti
372 3765 422 3838 bg.
442 3766 466 3822 5.
487 3784 556 3827 corr.
575 3767 601 3822 6.
621 3767 663 3823 nt).
682 3769 712 3822 21
731 3787 802 3827 corr.
822 3769 865 3827 35,
883 3767 925 3822 65.
943 3768 984 3822 81.
1003 3767 1046 3825 93.
1068 3766 1118 3823 Gu.
1139 3767 1161 3825 1.
1179 3768 1203 3822 2.
1218 3771 1244 3828 3.

193 3852 361 3927 propulistd
378 3850 420 3909 81.
456 3851 502 3905 De
524 3852 567 3906 his
590 3870 650 3906 cum
672 3854 699 3906 in
722 3854 797 3909 libris
820 3862 875 3907 tum
893 3852 1041 3906 secundum
1061 3851 1166 3907 criticos
1185 3869 1245 3909 cum

197 3953 293 3990 errore
325 3935 445 3990 confusis
479 3953 506 3992 v.
537 3937 733 4007 explicationes
764 3938 799 3990 ud
829 3937 863 3991 11.
891 3937 938 4000 76,
965 3934 1023 3988 285.
1049 3963 1086 3972 -
1128 3933 1246 4002 Orassd
1275 3955 1277 3961 ¹

197 4040 217 4076 o
241 4020 347 4075 Crasse
375 4020 447 4080 Vrec.
474 4039 501 4079 v.
525 4023 730 4094 explicationes.
752 4048 787 4065 ι-
825 4037 945 4078 muctare
968 4016 1079 4088 olomeo]
1108 4017 1164 4067 inv·
1195 4017 1243 4080 les·

200 4106 242 4164 to.
263 4106 304 4165 35.
325 4105 368 4163 65.
