2876 4612
364 314 424 382 nn
452 310 678 382 carruae
705 309 831 378 amre
850 310 903 378 111.
924 311 976 378 er.
1016 261 1019 265 ¹
1092 260 1189 387 uer

98 538 114 555 .
146 484 207 552 sed
228 484 419 575 onerandum
439 483 713 575 complendumque
734 488 842 569 peetus
862 479 1067 547 maximarum
1086 498 1189 546 rerum

147 620 181 676 et
200 610 402 697 plurimarum
422 611 590 687 suavitate,
613 608 718 694 copia,
738 607 901 672 varietate.
988 588 992 593 ’

232 731 354 798 XXXI.
384 735 457 798 122.
479 732 597 800 Nostra
618 742 666 798 est
688 732 831 812 enim-(si
848 729 940 796 modo
959 749 1018 796 nos
1035 730 1188 807 or'utcrcs,

147 860 177 925 si
198 860 231 924 in
253 861 367 926 civium
388 856 666 944 disceptationibus
689 858 717 921 si
739 859 772 920 in
793 856 941 942 periculis
964 857 993 921 si
1014 856 1048 919 in
1069 854 1188 921 delibe-

147 984 320 1049 rationibus
334 983 469 1070 publiois
488 982 656 1048 adhibendi
678 990 822 1048 auctores
840 990 871 1046 et
886 982 1042 1067 principes
1058 980 1189 1061 sumus),

146 1118 256 1174 nostra
283 1117 344 1184 est,
375 1108 516 1192 inquam,
543 1109 643 1173 omnis
670 1108 733 1172 ista
756 1104 939 1193 prudentiae
966 1106 1188 1191 doctrinaeque

147 1234 321 1318 possessio,
344 1233 375 1295 in
392 1250 484 1316 quam
499 1230 642 1297 homines
662 1232 753 1317 quasi
775 1230 926 1297 caducam
949 1241 1041 1316 atque
1054 1251 1188 1297 vacuam

149 1355 343 1421 abundantes
366 1358 428 1422 otio
449 1356 542 1421 nobis
565 1359 724 1443 occupatis
746 1355 962 1422 involaverunt
985 1352 1076 1441 atque
1094 1358 1188 1422 etiam

149 1491 202 1546 aut
223 1481 388 1546 irridentes
410 1490 584 1559 oratorem,
609 1491 642 1546 ut
663 1481 718 1545 ille
745 1483 778 1546 in
800 1479 921 1565 Gorgia
942 1478 1106 1559 Socrates,
1134 1502 1189 1548 ca-

146 1605 295 1673 villantur
321 1614 373 1671 aut
399 1604 518 1690 aliquid
545 1605 583 1671 dc
611 1606 747 1670 oratoris
774 1616 840 1672 arte
863 1600 982 1693 paucis
996 1608 1190 1694 praecipiunt

147 1728 267 1794 libellis
292 1749 410 1815 cosque
436 1734 607 1796 rhetoricos
629 1729 819 1809 inscribunt,
848 1731 939 1816 quasi
964 1751 1027 1797 non
1048 1731 1107 1797 illa
1128 1734 1190 1798 sint

146 1856 274 1941 propriu
297 1855 468 1932 rhetorum,
495 1874 575 1942 quae
602 1855 644 1920 ab
668 1855 781 1921 iisdem
806 1856 846 1921 de
872 1856 991 1922 iustitia
1017 1856 1056 1921 de
1085 1856 1189 1924 ollieio
1233 1836 1238 1847 ¹

122 1979 187 2071 ¹dc
214 1980 390 2046 civitatibus
416 1980 614 2047 instituendis
642 1990 673 2047 et
698 1978 846 2064 regendis
874 1980 913 2045 de
943 1982 1028 2075 omni
1053 1982 1188 2060 vivendi,
1301 2036 1303 2043 ,

147 2104 280 2193 denique
306 2109 401 2172 ctiam
428 2105 467 2171 dc
494 2115 625 2171 naturae
651 2106 774 2172 ratione
802 2104 952 2171 dicuntur.
997 2107 1068 2172 123.
1098 2105 1188 2186 Quae

148 2335 333 2390 arbitrantur
351 2336 445 2392 (16.3.
463 2337 514 2408 hg.
529 2339 554 2392 4.
571 2339 613 2393 32.
630 2364 667 2378 ·-
681 2337 919 2408 pomertdturcae]
933 2337 1190 2408 postmeridianum

147 2427 195 2473 aut
220 2420 326 2473 divisim
348 2421 397 2492 bg.
415 2421 441 2476 2.
462 2422 502 2475 14.
521 2421 562 2476 15.
584 2420 625 2474 17.
644 2418 686 2472 20.
703 2419 747 2473 21.
765 2419 807 2474 23.
825 2419 868 2473 24.
887 2420 929 2475 73.
948 2420 990 2475 76.
1015 2421 1085 2476 Vict.
1115 2440 1189 2494 pro·

146 2504 254 2567 mend.
274 2505 325 2560 Gu.
345 2505 368 2561 1.
394 2504 446 2576 Lg.
462 2506 488 2560 3.
506 2504 530 2560 5.
548 2503 574 2559 6.
596 2503 636 2558 13.
654 2503 688 2556 32
706 2520 776 2558 corr.
796 2512 826 2556 ut
846 2504 885 2558 14.
904 2504 946 2558 36.
965 2505 1007 2559 67.
1025 2505 1067 2560 76.
1084 2506 1127 2560 81.
1145 2506 1188 2563 93.

147 2587 209 2641 Hoc
226 2597 355 2659 receptae
372 2586 524 2659 scripturae
541 2605 596 2641 non
614 2588 701 2641 minus
714 2586 791 2641 iavet
809 2604 889 2657 quam
901 2591 1189 2660 procofftmddr'aruae,

148 2673 224 2742 quod
245 2673 328 2727 babet
349 2673 400 2746 Lg.
420 2676 461 2739 4.;
486 2674 514 2727 in
539 2690 593 2743 quo
613 2672 776 2745 promerui.
801 2680 829 2726 et
842 2690 925 2744 prom.
949 2664 1062 2728 confusa
1082 2678 1190 2731 suntin

147 2774 237 2813 unum.
261 2786 297 2799 -
320 2758 525 2830 procudenda]
545 2757 742 2829 producenda
768 2755 818 2827 Lg.
837 2756 863 2812 6.
898 2756 929 2811 ln
953 2757 1004 2829 Lg.
1023 2746 1088 2813 xxi
1113 2761 1192 2814 varia

146 2842 302 2908 vitiarunt,
322 2859 437 2911 quorum
455 2844 580 2913 proxime
598 2859 615 2894 a
633 2858 701 2896 vero
719 2840 798 2896 abest
810 2841 1016 2913 procludendu
1034 2844 1087 2913 (sic
1104 2846 1129 2898 4.
1146 2846 1190 2901 36.

148 2927 200 2983 Gu.
214 2925 263 2996 3.).
288 2927 392 2980 Verum
408 2937 555 2982 servarunt
571 2926 597 2981 2.
615 2925 655 2980 13.
670 2925 713 2981 65.
730 2926 773 2981 81.
787 2955 823 2968 —-
842 2929 1037 2999 onerandum]
1054 2928 1191 2983 infelicem

147 3012 332 3065 coniecturam
345 3012 458 3082 protulit
470 3012 671 3082 Heusingerus‚
684 3028 763 3081 quern
776 3013 898 3080 sequitur
910 3012 991 3080 seb,
1006 3015 1191 3079 ornandum,-

147 3095 175 3149 id
193 3095 296 3149 babent
313 3096 391 3151 codd.
406 3097 432 3151 d.
452 3095 503 3167 ng.
518 3096 560 3152 26.
597 3097 707 3150 Avero
724 3097 967 3166 proximeubsunt
984 3098 1190 3155 honorandum

146 3179 209 3250 (bg.
224 3179 248 3236 3.
264 3180 303 3249 6.)
322 3179 526 3235 hunerondum
540 3180 609 3251 (67.)
632 3182 808 3236 morandum
822 3183 869 3252 (32
881 3200 952 3236 corr.
972 3192 1001 3237 ut
1015 3182 1053 3253 3.)
1079 3183 1190 3238 Deinde

145 3264 313 3319 metendam
336 3257 429 3320 duur.
452 3266 624 3320 metandum
649 3267 853 3331 exarandum,
875 3277 905 3320 ut
929 3275 971 3320 est
992 3268 1019 3319 in
1042 3267 1085 3320 84.
1122 3286 1190 3322 one·

145 3350 275 3407 randum
292 3350 465 3404 ructandum
485 3352 689 3406 cremandum
712 3351 764 3406 Gu.
783 3350 806 3407 l.
842 3350 1075 3404 inenarrabilem
1093 3351 1145 3407 Gu.
1164 3353 1189 3409 3.

145 3432 217 3572 piel}j
233 3435 262 3487 iu
278 3435 392 3507 vulgate
409 3436 575 3508 conspirant.
595 3467 626 3478 -
652 3436 767 3505 rmum]
785 3444 848 3506 post
861 3436 1063 3508 plurimarum
1080 3437 1190 3507 ponitur

158 3534 175 3569 n
218 3535 243 3588 g.
262 3518 287 3577 3.

233 3617 336 3685 XXXI.
373 3620 439 3675 lna
467 3622 534 3689 uos]
554 3638 607 3675 om.
624 3621 676 3692 Lg.
691 3620 733 3675 26.
747 3621 791 3675 84.
808 3647 844 3660 ·-
869 3621 1016 3688 oratores]
1036 3624 1110 3691 quod
1126 3624 1190 3678 addi
1252 3670 1262 3688 ,

145 3702 219 3758 uolet
240 3719 343 3756 sumus
368 3706 470 3760 exclusi
491 3707 642 3761 secundum
658 3705 709 3776 Lg.
727 3705 752 3760 2.
772 3706 798 3759 3.
816 3706 841 3761 4.
861 3704 887 3760 6.
907 3705 946 3760 13.
966 3707 1008 3762 32.
1024 3707 1066 3763 36.
1094 3709 1145 3763 Gn.
1164 3708 1189 3762 3.

145 3785 266 3841 Probori
278 3796 381 3859 posset,
399 3790 421 3844 si
438 3790 526 3845 bonos
540 3799 667 3844 unctores
682 3789 810 3854 baberet3
828 3791 920 3846 deleto
939 3792 1028 3846 oratio
1045 3793 1191 3848 nervceior
1231 3844 1238 3861 ,

143 3869 177 3927 fit
195 3872 286 3942 louge.
303 3901 339 3914 —
356 3876 385 3928 et
401 3878 433 3928 ta
450 3873 724 3943 deliberationibus]
742 3874 811 3928 haec
828 3893 881 3930 om.
894 3874 945 3948 bg.
957 3876 982 3931 2.
996 3879 1021 3933 4.
1037 3878 1076 3932 13.
1089 3878 1132 3932 36.
1147 3876 1189 3930 84.

143 3957 237 4012 nescio
262 3974 298 4012 uu
320 3961 436 4026 rectius,
452 3977 519 4013 cum
544 3960 666 4030 pericula
687 3960 799 4032 publica
816 3961 932 4016 maxime
955 3961 1067 4032 insignis
1087 3959 1189 4012 delibe-
1264 3990 1267 3993 -

143 4041 222 4098 randi
245 4060 358 4114 campus
381 4043 535 4100 videantur.
557 4074 592 4087 -
622 4044 785 4115 electorum]
811 4053 963 4101 oratorum
992 4044 1056 4100 Seb.
1080 4041 1190 4095 moluit:

143 4126 230 4196 tuale,
248 4143 275 4185 v.
296 4128 505 4201 explicationes.
523 4156 559 4172 -·
583 4130 733 4202 dicuutur]
752 4131 893 4188 dieantur
910 4130 960 4202 bg.
978 4129 1004 4186 2.
