2938 4590
257 327 346 397 m
395 386 399 401 ,
578 266 586 287 '
634 317 890 388 cronnonus
932 378 936 385 .

157 509 159 512 ’
258 493 342 557 enim
369 489 474 555 audivi
499 498 623 577 poetam
649 489 764 556 bonum
788 492 942 557 neminem
964 489 1016 572 (id
1038 490 1121 576 quod
1145 489 1308 559 aDemo-

261 610 339 674 c'rito
361 617 392 703 et
411 607 543 674 Platone
566 610 745 702 inscriptis
766 609 908 674 relictum
930 627 1002 673 esse
1025 608 1142 691 doum)
1165 612 1233 675 sine
1256 611 1310 674 in-

259 726 468 792 flammatione
501 727 674 792 animorum
705 727 857 791 exsistere
883 745 977 812 posse
1011 735 1041 791 et
1072 729 1142 791 sine
1170 725 1310 812 quodam

163 846 166 857 '
261 842 369 910 affiatu
390 845 482 928 quasi
503 843 630 908 fluoris.

345 958 473 1025 XLVll.
516 958 622 1038 Quare
643 958 739 1027 nolite
762 959 942 1026 existimare
964 960 1145 1044 meipsum,
1168 961 1311 1044 quinon

261 1079 391 1145 heroum
415 1077 539 1142 ‘veteres
566 1095 660 1141 casus
686 1074 835 1160 fictosque
861 1075 962 1141 luctus
988 1075 1083 1163 velim
1111 1078 1227 1141 imitari
1257 1086 1308 1143 at-

264 1216 323 1282 que
353 1194 539 1261 admubrare
572 1192 704 1258 dicendo
737 1212 838 1277 neque
871 1202 959 1261 actor
993 1195 1052 1258 sim
1084 1193 1208 1282 alienae
1236 1213 1311 1280 per-

265 1333 378 1390 sonae,
406 1311 463 1376 sed
486 1319 594 1375 auctor
615 1284 719 1387 meae,
749 1330 817 1375 cum
838 1309 915 1375 mihi
936 1308 980 1374 Μ’
1001 1310 1148 1396 Aquilius
1175 1312 1208 1375 in
1230 1311 1312 1375 civi-

264 1440 327 1496 tate
349 1427 528 1494 retinendus
551 1437 645 1503 esset,
668 1446 749 1512 quac
771 1430 804 1491 in
825 1427 883 1491 illa
905 1447 1004 1493 causa
1024 1426 1202 1514 peroranda
1223 1426 1311 1492 sece-

264 1550 325 1615 rim
351 1549 419 1610 sine
446 1564 561 1628 magno
589 1543 697 1610 dolore
724 1544 851 1610 fecisse.
905 1544 976 1609 196.
1011 1542 1112 1623 Quem
1137 1545 1219 1609 enim
1248 1563 1311 1628 ego

268 1662 563 1739 commeminisse,
590 1664 808 1749 imperatorem
830 1670 971 1728 ornatum
993 1680 1014 1726 a
1035 1672 1146 1726 senatu
1168 1671 1313 1727 ovantem

267 1784 301 1847 in
315 1779 502 1867 Capitolium
525 1779 708 1845 ascendisse
731 1780 952 1856 meminissem,
974 1777 1055 1844 hunc
1078 1798 1146 1844 cum
1164 1771 1314 1859 afflictum

269 1899 463 1965 debilitatum
489 1885 680 1961 maerentem
711 1898 744 1960 in
770 1915 920 1961 summum
952 1896 1120 1962 discrimen
1147 1896 1313 1962 adductum
1398 1978 1414 1995 ἢ

266 2015 416 2090 viderem,
438 2031 502 2077 non
519 1990 606 2098 prius
626 2032 693 2077 sum
709 2021 839 2078 conatus
861 2013 1110 2079 misericordiam
1132 2001 1205 2078 aliis
1227 2033 1313 2078 com-

269 2150 405 2208 movere,
428 2148 521 2215 qnam
538 2130 757 2195 misericordia
779 2113 852 2194 sum¹
868 2120 936 2216 ipse
959 2122 1076 2217 captus.
1112 2128 1207 2195 Sensi
1225 2132 1313 2215 equi-

271 2250 356 2324 dem,
387 2259 451 2313 tnm
481 2266 596 2331 magno
624 2266 718 2332 opere
749 2249 868 2313 moveri
893 2239 1028 2325 indices,
1061 2267 1153 2332 quum
1180 2249 1315 2313 excitavi

189 2383 195 2392 ·
272 2375 423 2433 maestum
443 2383 485 2430 ac
507 2364 700 2431 sordidatum
722 2349 829 2429 senem
850 2374 881 2430 et
902 2386 971 2432 cnm
993 2368 1055 2430 ista
1077 2365 1149 2442 feci,
1172 2384 1251 2450 qnae
1273 2375 1316 2442 tn,
1393 2384 1404 2393 ·

362 2584 419 2638 194.
454 2581 488 2635 cd
509 2580 607 2652 qnod]
630 2579 721 2652 idque
744 2580 795 2653 Lg.
815 2581 840 2635 3.
861 2583 904 2647 *ita
927 2599 997 2638 corr.
1016 2581 1058 2636 33.
1075 2611 1111 2624 —
1141 2581 1317 2652 existen-1313

272 2687 328 2724 non
345 2669 447 2723 habent
463 2666 512 2738 ng.
530 2673 641 2737 praeter
657 2664 682 2722 3.
698 2667 723 2721 4.
742 2666 767 2720 5.
785 2665 821 2733 6.,
839 2684 891 2720 noc
909 2667 960 2722 Gn.
974 2667 1000 2722 3.
1035 2671 1174 2721 resistere
1193 2667 1224 2720 31
1245 2684 1317 2723 corr.

274 2758 414 2816 asistere,
434 2751 562 2805 italorum
579 2768 665 2805 more.
685 2781 715 2789 —
732 2749 866 2822 restinta]
885 2752 1002 2823 adflatu
1019 2750 1069 2822 Lg.
1088 2751 1130 2807 65.
1207 2748 1211 2765 “

358 2851 469 2908 XLVII.
505 2852 594 2907 uelim
613 2883 643 2893 -
662 2851 733 2922 cim]
764 2852 803 2906 sic
828 2852 972 2907 emendavi
996 2852 1134 2923 vulgatam
1157 2853 1319 2923 scripturam

273 2940 377 2994 vellem
393 2964 428 2997 —,-
447 2954 559 3000 creent,-
583 2937 698 2991 alterum
712 2926 752 2990 'ex
771 2937 821 3008 Lg.
842 2937 966 2991 omnibus
984 2946 1095 3008 praeter
1114 2939 1154 2993 15.
1172 2937 1232 3003 84.,
1256 2937 1319 2991 item

274 3024 347 3078 vict.
366 3021 418 3075 Gn.
436 3020 479 3086 3.‚
500 3022 616 3074 alterum
635 3038 671 3074 ex
690 3020 740 3091 Lg.
758 3021 782 3075 5.
803 3020 828 3076 6.
849 3022 889 3077 14.
911 3023 950 3077 15.
971 3022 1011 3077 16.
1031 3024 1072 3077 17.
1090 3023 1133 3076 36.
1153 3023 1196 3078 nl.
1214 3022 1258 3076 33.
1275 3022 1319 3079 34.
1377 3043 1380 3047 ·

273 3107 316 3163 35.
330 3105 372 3163 65.
388 3106 430 3161 67.
444 3104 487 3160 69.
507 3105 548 3159 70.
563 3105 603 3162 73.
619 3105 659 3160 76.
676 3104 717 3160 81.
731 3105 775 3160 86.
794 3106 864 3162 Vict.
885 3106 937 3161 Gu.
949 3107 984 3174 3.,
1002 3116 1032 3161 ut
1048 3115 1140 3163 tomen
1159 3106 1209 3178 ng.
1226 3123 1322 3161 omnes

244 3196 247 3205 “
276 3193 387 3264 optimi,
409 3191 434 3246 3.
453 3189 478 3244 3.
502 3191 527 3243 4.
548 3189 587 3245 13.
608 3189 643 3243 33
659 3207 730 3245 corr.
754 3197 784 3243 ut
802 3192 826 3246 5.
846 3201 874 3245 et
891 3191 933 3247 36.
960 3193 1057 3246 eodem
1081 3182 1194 3245 ducante
1220 3191 1324 3244 habent

275 3280 347 3333 enim
365 3293 438 3331 sum.
468 3273 524 3332 itui
541 3274 668 3328 vitiosam
686 3276 847 3344 scripturam
870 3285 1032 3347 repererunt
1048 3285 1226 3347 praeceptum
1248 3291 1321 3329 nunc

277 3363 379 3425 dudum
397 3359 542 3430 explosum
565 3358 601 3411 de
617 3359 776 3428 imper-‘lecto
801 3378 861 3414 cnm
880 3361 1013 3433 perlecto·
1027 3361 1159 3415 sociando
1181 3377 1217 3414 ue
1237 3360 1324 3414 viola·

277 3456 353 3502 retur
371 3446 524 3500 timuerunt.
550 3443 585 3498 V.
605 3444 812 3525 explicationes.

369 3545 427 3600 196.
462 3562 548 3614 qoem
567 3544 658 3616 caim]
681 3563 766 3616 qoem
789 3563 856 3600 cam
877 3545 928 3617 ng.
948 3545 973 3600 3.
998 3546 1038 3601 ita
1060 3563 1132 3600 corr.
1155 3546 1197 3601 33.
1239 3553 1326 3616 puc‘m

278 3649 332 3704 epo
349 3633 428 3684 enim
447 3630 471 3684 4.
490 3629 533 3684 33.
542 3626 593 3684 67.
628 3631 723 3691 Verba
745 3648 831 3701 quem
854 3635 932 3685 caim
951 3648 1003 3702 epo
1025 3631 1088 3685 Cos.
1105 3630 1202 3699 fnisse
1225 3631 1325 3684 absunt
1409 3650 1414 3665 ·

277 3735 295 3771 a
312 3716 364 3770 Gn.
383 3714 408 3770 3.
427 3745 463 3757 -·
486 3715 669 3786 ascendisse]
688 3716 879 3771 adscendisse
898 3714 947 3787 Lg.
968 3716 1010 3770 31.
1027 3746 1062 3756 -
1086 3713 1250 3787 afflictum]
1270 3715 1326 3769 ad-

275 3803 394 3874 flictum
416 3798 467 3871 Lg.
486 3798 529 3853 65.
551 3800 592 3853 79.
613 3799 655 3854 73.
692 3799 734 3852 ad
756 3800 897 3854 delictam
920 3800 953 3853 33
970 3817 1040 3854 corr.
1066 3809 1096 3853 nt
1112 3800 1136 3856 3.
1163 3809 1191 3854 et
1209 3817 1237 3854 v.
1257 3816 1284 3854 n.
1305 3806 1326 3854 t.

279 3903 298 3939 a
313 3884 456 3939 dc’ltctnm
468 3886 516 3951 (=
528 3883 716 3951 derelictum)
735 3882 787 3938 Gu.
801 3883 825 3938 3.
856 3884 1029 3949 derelictam
1040 3881 1090 3955 Lg.
1104 3884 1129 3940 3.
1141 3886 1166 3939 4.
1181 3884 1221 3938 13.
1236 3883 1279 3938 36.
1290 3913 1326 3923 -

280 3968 429 4037 equidem]
448 3970 487 4021 sic
504 3966 554 4037 Lg.
575 3982 669 4020 omnes
688 3975 799 4036 praeter
818 3967 857 4019 14.
877 3967 933 4034 15.,
953 3978 981 4022 et
998 3969 1050 4023 Gn.
1067 3969 1130 4023 1.3.
1148 3968 1172 4024 3.
1209 3967 1251 4020 llli
1268 3966 1325 4020 duo

279 4053 416 4120 qnidam,
441 4050 623 4106 616106-
651 4049 811 4120 maestum]
831 4051 870 4103 sic
888 4060 935 4104 ant
951 4058 1094 4115 mestum,
1119 4061 1151 4104 nt
1166 4060 1194 4104 ot
1212 4060 1277 4104 ante
1297 4052 1326 4104 in

279 4134 435 4188 maerendi
451 4132 548 4198 verto,
566 4132 645 4187 codd.
664 4134 771 4204 plurimi
791 4145 818 4188 et
835 4135 973 4190 meliores.
990 4165 1026 4175 -
1048 4153 1086 4190 ac
1103 4135 1220 4205 dolore]
1239 4141 1329 4205 atque
