2938 4590
381 284 440 386 on
468 310 696 387 oonronn
722 311 847 385 nano
869 315 907 386 11.
929 315 982 384 se.
1113 314 1204 389 son

161 493 237 561 veui
264 501 367 556 antem
391 489 527 555 ridicula
552 497 584 554 et
610 487 700 553 salsa
724 485 822 552 multa
843 484 1056 564 Graecorum
1081 504 1155 552 narn
1177 486 1220 554 ct'

164 608 269 676 Siculi
301 610 334 672 in
365 626 404 672 eo
436 625 563 690 genere.
585 614 627 669 ct*
642 602 758 670 Rhodii
789 613 821 668 et
845 601 992 688 Byzantii
1024 612 1055 668 et
1083 614 1209 690 praeter

166 736 291 792 ceteros
313 723 410 789 Attici
431 722 601 798 excellunt3
624 721 682 786 sed
703 722 757 806 qni
777 721 846 786 eius
867 722 915 785 rei
935 721 1089 786 rationem
1110 738 1208 806 quan-

167 843 240 908 dam
274 842 379 906 eonati
412 850 482 905 sunt
513 848 671 924 artemque
705 837 830 902 tradere
862 839 910 902 sie
941 835 1055 902 insulsi
1082 839 1209 903 exstite-
1316 881 1319 903 .

166 968 252 1035 runt,
278 967 311 1022 ut
336 956 414 1022 nihil
443 955 530 1021 aliud
555 968 662 1020 eorum
688 955 751 1047 nisi
777 956 849 1040 ipsa
874 952 1038 1018 insulsitas
1052 952 1207 1023 rideatur.

165 1074 240 1141 218.
277 1073 347 1151 Qua
373 1093 409 1137 re
436 1071 512 1136 milri
538 1072 662 1156 quidem
687 1070 774 1136 nullo
802 1071 894 1136 modo
920 1070 1042 1136 videtur
1068 1071 1210 1137 doctrina

168 1195 231 1257 iste
252 1211 304 1285 res
332 1201 427 1277 posse
454 1188 546 1267 tradi.
578 1185 628 1280 “Et
650 1190 732 1252 enim
758 1206 827 1254 eum
849 1188 909 1253 duo
931 1207 1052 1272 genera
1074 1189 1135 1253 sint
1161 1189 1209 1254 f·
1249 1250 1253 1255 .

167 1302 332 1384 cotiarum,
366 1305 498 1371 alterum
525 1302 733 1389 aequabiliter
758 1306 791 1368 in
816 1306 899 1368 omni
922 1325 1070 1370 sermone
1098 1307 1209 1384 lusum,

77 1491 81 1500 ,
170 1425 302 1491 alterum
328 1432 508 1510 peracutum
538 1430 570 1485 et
600 1419 714 1485 breve:
748 1419 806 1487 illa
837 1439 858 1485 a
882 1422 1040 1488 veteribus
1068 1426 1212 1510 superior

167 1541 344 1614 cavillatio,
367 1539 448 1604 haec
471 1537 573 1603 altera
594 1539 744 1601 dicacitas
761 1537 925 1627 nominata
946 1547 1003 1602 est.
1046 1534 1132 1605 Leve
1153 1562 1211 1608 no·

169 1680 243 1723 men
273 1657 368 1722 habet
398 1636 528 1739 utraque
559 1656 631 1718 res!
666 1653 795 1737 quippe;
827 1642 897 1717 leve
930 1652 1013 1718 enim
1039 1662 1087 1719 est
1116 1663 1244 1722 totum‘

170 1773 233 1839 lroo
253 1775 351 1838 risum
372 1792 506 1838 morere.
549 1769 623 1835 219.
650 1754 882 1847 Verumtamen,
911 1779 943 1834 ut
965 1766 1059 1846 dicis,
1085 1771 1212 1853 Antoni,

172 1889 299 1971 multum
325 1893 357 1955 in
379 1891 485 1973 causis
507 1906 659 1976 persaepe
681 1887 788 1977 lepore
811 1897 841 1952 et
862 1886 987 1952 facetiis
1008 1887 1116 1974 profici
1137 1893 1211 1959 vidi.

169 2138 284 2178 acumen
301 2121 429 2178 redolere
446 2124 569 2188 videtum
594 2133 622 2178 et
638 2122 765 2193 facilins
779 2118 883 2177 habent
900 2116 961 2180 Pal.
982 2124 1004 2178 l.
1024 2121 1048 2180 2.
1067 2122 1091 2182 5.
1110 2127 1134 2182 7.
1157 2123 1211 2185 dno

171 2209 241 2262 Gall.
261 2209 328 2281 (dno
346 2210 386 2262 St.
405 2217 463 2262 tres
479 2207 588 2276 Lamb.)
604 2207 687 2267 Harl.
705 2209 730 2261 1.
758 2208 787 2262 Ζ.
803 2228 868 2278 ay.
897 2208 948 2262 Gn.
965 2210 987 2261 1.
1007 2209 1031 2264 3,
1058 2212 1129 2265 Vict.
1153 2212 1211 2270 Eri.

171 2291 222 2363 ng.
236 2293 261 2347 2.
278 2295 302 2347 l.
320 2292 360 2346 13.
373 2291 407 2345 32
419 2307 490 2344 corr.
506 2291 565 2353 363
585 2306 648 2343 esse
664 2291 831 2362 quomneo
848 2293 992 2346 victua.
1005 2294 1030 2346 3.
1058 2296 1214 2367 dispectore

174 2376 224 2444 Lg.
246 2376 285 2428 14.
303 2370 346 2427 nl.
365 2375 408 2428 23.
426 2373 469 2426 24.
497 2373 548 2426 Gu.
566 2372 592 2426 3.
613 2405 643 2412 -
669 2386 756 2444 posse
774 2392 916 2427 mc-ca
934 2375 993 2443 luis]
1008 2394 1101 2447 posse
1119 2392 1157 2430 en
1175 2383 1214 2433 its
1277 2380 1282 2384 ’
1362 2444 1365 2452 ¹
1391 2373 1414 2424 ἶ

173 2477 222 2512 erte
238 2457 290 2528 ng.
307 2459 333 2511 6.
365 2474 413 2509 nte
436 2472 489 2508 our.
510 2454 560 2524 Lgt
580 2454 620 2509 ll.
639 2455 681 2509 23.
700 2457 743 2510 67.
774 2457 816 2510 Ut
838 2458 975 2522 dedimus,
998 2459 1092 2514 (16.3.
1118 2461 1169 2531 Lg.
1189 2462 1214 2516 2.

172 2546 199 2600 3.
211 2545 236 2597 l.
252 2543 292 2596 13.
306 2541 348 2595 32.
363 2542 406 2595 36.
419 2540 461 2592 84.
487 2539 586 2620 Vulgo
598 2548 625 2592 et
641 2540 669 2592 in
684 2540 821 2609 plerisque
839 2538 918 2594 codd.
935 2558 1024 2612 posse
1040 2561 1087 2596 noe
1101 2543 1216 2614 altqatd

173 2642 213 2682 aa
237 2629 312 2679 totta
336 2650 372 2664 —e
407 2622 576 2677 secutorem
599 2622 787 2676 Rhodiorum
814 2633 843 2678 et
865 2624 1079 2693 Byzantiorum
1106 2629 1217 2683 nomine

173 2713 202 2765 in
221 2708 435 2781 plurimis-libris
453 2707 530 2760 varie
547 2706 742 2762 deformantur.
762 2733 791 2748 ψ
823 2709 987 2763 tradere*-
1004 2712 1052 2778 nt]
1076 2711 1146 2770 hoec
1163 2729 1216 2766 om.

174 2796 225 2866 bg.
245 2795 270 2848 2.
290 2796 314 2848 l.
336 2791 569 2847 insunuans.
592 2793 682 2844 medin
703 2793 751 2845 illo
773 2797 817 2846 otc
836 2794 943 2847 inmolet·
964 2799 1141 2851 emitterent
1163 2813 1214 2853 om.

173 2881 226 2936 Gn.
244 2881 269 2934 3.
306 2883 482 2932 cantitarent
500 2894 560 2930 cnm
577 2895 593 2929 s
611 2874 690 2931 codd.
708 2876 811 2931 XXVI.

262 2995 321 3050 218.
355 2995 433 3048 ncilct
457 2993 588 3064 quidem]
614 2986 732 3063 prcc'dcm
756 3010 808 3050 om.
827 2988 878 3067 Lg.
903 2997 1027 3066 plerique
1044 2998 1172 3067 (praeter
1189 2993 1214 3054 2.

175 3084 201 3138 3.
216 3080 240 3134 d.
256 3083 280 3135 6.
297 3080 335 3134 13.
351 3081 392 3134 36.
407 3079 449 3134 81.
463 3081 509 3147 84)
529 3088 556 3132 ct
573 3078 620 3132 elii
638 3079 754 3133 fortasse
770 3080 866 3144 codd.;
885 3082 976 3150 itaque
994 3082 1055 3135 edd.
1071 3083 1171 3163 piapen.
1181 3111 1217 3124 —-

175 3164 255 3220 nullo
272 3165 362 3218 modo
379 3164 504 3232 videtur]
529 3163 568 3216 sie
589 3163 669 3233 posui
689 3182 738 3234 pro
756 3166 869 3236 vulgato
886 3167 966 3220 nallo
984 3166 1101 3220 videtur
1117 3168 1216 3232 mado,

174 3259 284 3305 secutus
302 3246 353 3319 bg.
370 3249 395 3302 2.
415 3250 440 3302 3.
459 3249 483 3302 4.
503 3248 528 3302 6.
548 3247 587 3302 17.
608 3248 649 3303 32.
668 3249 710 3302 36.
730 3248 771 3304 76.
790 3251 832 3304 81.
865 3251 954 3304 modo
972 3242 1053 3303 nulla
1073 3250 1112 3304 13.
1128 3280 1164 3293 -
1188 3258 1218 3304 et

111 3339 114 3344 ⁴
177 3336 266 3401 enim]
283 3335 324 3386 sic
341 3333 448 3386 divisim
468 3331 517 3402 Lg.
535 3331 561 3386 2.
579 3328 621 3386 67.
641 3330 683 3408 70.
701 3325 743 3387 84.
761 3327 804 3388 86.
823 3364 858 3373 -
882 3332 1089 3404 aequabiliter]
1108 3351 1217 3407 acquae
1298 3332 1299 3336 ’

131 3441 134 3455 ·
177 3418 246 3471 liter
268 3419 339 3472 Vict.
363 3446 394 3457 -
426 3417 632 3489 quippe51eec
656 3421 735 3470 enim
757 3419 816 3485 cst]
840 3416 909 3470 hoec
932 3417 1069 3471 distinctio
1092 3419 1126 3472 ab
1146 3419 1217 3475 aluo

177 3500 258 3555 lunto
275 3499 401 3554 Manutio
419 3498 554 3553 Lambin'o
579 3508 606 3553 et
624 3503 808 3553 recentiorum
830 3501 968 3570 plerisque
991 3501 1113 3567 delecte,
1138 3487 1218 3571 quern

177 3586 329 3638 sententiae
348 3593 445 3639 natura
459 3583 556 3636 suadet
574 3584 692 3655 (qrctprpe
710 3584 781 3636 enim
799 3584 935 3655 significat
951 3581 1081 3653 εἰκότως),
1098 3588 1151 3640 iem
1171 3604 1217 3657 ex*

177 3675 233 3722 etot
253 3668 279 3720 in
302 3669 380 3722 codd.
402 3668 453 3721 Gu.
473 3669 498 3724 3.
524 3667 575 3737 Lg.
596 3666 635 3723 15.
660 3667 703 3721 23.
721 3667 763 3721 32.
786 3667 890 3727 61163.
927 3664 987 3722 hoe
1008 3675 1088 3724 enim
1110 3675 1219 3743 qnippe

178 3759 224 3806 ert
243 3751 293 3822 Lg.
310 3752 352 3806 20.
388 3753 497 3824 qnippe
515 3754 593 3804 enim
612 3750 630 3803 l.
650 3768 673 3805 a.
699 3750 739 3805 84.
778 3744 856 3807 enirn
881 3772 934 3808 om.
953 3754 1023 3810 Vict.
1058 3749 1118 3808 deae
1140 3759 1219 3808 enim

143 3882 146 3887 .
177 3844 222 3890 ert
247 3855 299 3891 om.
319 3838 370 3892 Gn.
392 3835 414 3890 l.
444 3835 535 3905 Vulgo
558 3848 613 3888 uon
636 3832 809 3907 distinguitur
831 3848 893 3908 post
911 3843 1027 3911 qatprpe.
1047 3869 1083 3880 —-
1113 3840 1218 3907 totam]

178 3938 230 3975 om.
250 3920 300 3993 Lg.
321 3922 346 3975 l.
367 3919 406 3974 13.
426 3918 599 3973 traduto.
622 3947 651 3960 -
680 3923 786 3989 risam]
807 3927 854 3976 ret
872 3922 922 3993 Lg.
940 3923 965 3979 2.
985 3923 1027 3980 13.
1044 3925 1086 3979 36.
1112 3923 1163 3977 Gu.
1182 3924 1218 3990 3.,

121 4040 124 4047 ‹
176 4006 226 4058 sed
245 4005 334 4063 eidem
351 4003 452 4057 deinde
470 4018 661 4059 samntooere.

263 4121 324 4175 216.
360 4123 573 4189 verumtamen]
601 4123 708 4202 divisim
730 4118 781 4193 Lg.
802 4121 827 4178 2.
851 4080 894 4178 dd.
918 4124 997 4178 Man.
1032 4123 1220 4173 veruntamen

970 4223 1123 4301 22.
