2942 4608
386 340 448 409 llll
482 340 714 451 0111761111
741 338 865 411 LIBER
886 342 924 412 ll.
945 343 997 413 84.
1124 347 1213 423 410

166 522 199 579 et
225 512 357 580 maioris
379 514 507 600 copiae,
533 511 707 600 dequibus
734 533 828 581 nomo
853 514 921 582 isra
947 515 1156 604 praeciperet,
1182 525 1214 585 ot

125 650 128 655 ⁷
167 631 252 717 quod
281 650 340 697 nos
366 629 600 697 laudationibus
630 651 694 699 uon
724 635 771 727 iia
798 632 925 699 muultum
954 635 999 700 uti
1026 633 1210 716 soleremus,

129 804 135 825 ,
164 758 260 814 totum
284 748 365 816 buna
388 748 600 834 segregabam
620 749 735 816 laeum.
778 748 841 838 lpsi
863 752 946 818 enim
969 750 1086 820 Graeci
1106 753 1210 838 magis

105 932 108 935 r
163 865 290 951 legendi
329 877 360 934 et
391 866 611 933 delectationis
648 877 701 934 aut
731 867 867 936 bominis
890 869 1034 937 >alicuius
1066 871 1210 949 amandi,

123 1036 129 1057 ,.
166 1004 257 1070 quam
282 985 425 1051 utilitatis
451 984 543 1051 buius
572 986 723 1053 lorensis·
737 1005 837 1054 eausa
862 987 1060 1067 laudationes
1087 989 1211 1077 scripti·

121 1154 125 1165 .
163 1112 322 1181 taverunt3
349 1121 478 1188 quorum
500 1113 572 1169 sunt
591 1103 680 1183 libri,
706 1105 819 1191 quibus
841 1078 1071 1174 Themistocles
1093 1106 1210 1176 Aristi,

164 1220 221 1286 des
244 1218 417 1304 Agesilaus
445 1216 678 1307 Epaminondas
700 1221 859 1311 Philippus
881 1223 1065 1292 Alexander
1090 1224 1208 1311 alliquo

162 1336 350 1415 laudantem
382 1347 509 1404 nostrae
541 1338 754 1419 laudationes,
786 1341 898 1428 quibus
929 1344 963 1408 in
988 1342 1059 1411 loro
1085 1344 1208 1421 utimur,

164 1464 218 1521 aut
237 1456 408 1535 testimonii
432 1454 619 1522 breuitatem
638 1457 755 1543 babent
775 1460 891 1525 nudam
916 1470 1009 1547 atque
1031 1462 1208 1531 inornaiam

104 1636 109 1643 .
163 1582 216 1639 aut
238 1572 415 1639 scribuntur
435 1573 476 1639 ad
497 1573 659 1640 iunebrom
680 1577 866 1655 santionem,
889 1598 970 1663 quae
993 1579 1034 1646 ad
1053 1580 1207 1671 orationis

162 1690 289 1774 laudem
315 1692 441 1757 minime
469 1693 706 1760 accommodata
726 1696 785 1759 est.
828 1691 894 1760 Sed
914 1704 1033 1773 tamem
1061 1697 1209 1782 quoniam

162 1817 212 1873 est
237 1808 382 1874 utendum
403 1809 588 1897 aliquando,
616 1830 680 1878 aon
699 1814 857 1897 nunquam
883 1814 978 1879 etiam
1000 1811 1208 1892 scribendum,

162 1924 248 1991 velut
268 1924 305 2005 Q.
321 1925 485 1995 Tuberoni
505 1928 898 1996 Africanumauunnulrm
919 1930 1061 1997 laudanti
1082 1932 1208 2018 scripsit

163 2040 198 2108 C.
220 2040 364 2122 Laelius,
391 2045 476 2112 uelut
501 2056 623 2113 nosmet
652 2049 713 2135 ipsi
736 2048 869 2114 ornandi
891 2062 991 2115 eausa
1013 2034 1206 2115 Graecorum
1270 2102 1277 2109 .

161 2180 260 2241 more,
294 2163 323 2228 si
350 2182 427 2248 quos
453 2163 602 2243 uelimus,
634 2163 766 2232 laudare
792 2167 966 2253 possimus,
998 2168 1040 2233 sit
1065 2186 1087 2233 a
1112 2166 1205 2235 nobis

161 2401 283 2467 peperat
298 2394 387 2450 llavn.
408 2395 430 2451 l.
453 2413 506 2467 mg.
524 2397 550 2453 d.
577 2396 627 2469 bg.
646 2397 670 2453 3.
693 2400 735 2455 14.
756 2398 997 2456 lantramno
1016 2400 1143 2454 ltocorr.
1161 2396 1204 2457 32.

156 2485 337 2556 perceperat
357 2480 383 2534 6.
416 2483 584 2553 perciperet
609 2482 660 2538 Gu.
682 2482 707 2538 3.
744 2481 775 2539 ln
797 2482 850 2537 boe
872 2483 961 2539 verbo
987 2500 1071 2557 musa
1093 2491 1135 2537 est
1157 2498 1207 2541 cur

162 2565 246 2636 paulo
271 2572 336 2618 ante
364 2581 399 2618 ex
423 2566 582 2620 necessaria
606 2575 634 2621 et
658 2566 731 2633 sacili
755 2567 916 2635 coniectura
938 2567 1047 2622 Peareii
1071 2566 1206 2622 Ernestas
1312 2602 1315 2605 -

161 2667 223 2704 curn
247 2649 307 2702 aliis
332 2649 473 2719 scripserit
495 2657 593 2705 errant
616 2668 666 2722 pro
691 2658 768 2707 eunt.
816 2651 947 2706 Mtuelleri
970 2660 998 2707 et
1021 2650 1110 2709 Orelli
1135 2650 1205 2707 ratio

161 2736 290 2790 solemur
306 2752 358 2805 pro
376 2733 537 2788 soleremus
554 2736 746 2807 corrigentium
764 2754 818 2807 quo
836 2738 923 2792 minus
941 2737 1087 2808 probetur,
1108 2736 1206 2791 eudem

77 2846 79 2853 v
160 2838 206 2876 res
220 2819 356 2891 probibet.
367 2849 402 2863 -ι
420 2819 556 2888 multum]
574 2821 676 2879 maire
693 2821 856 2895 baleam.
868 2853 904 2863 —
919 2824 982 2890 uti]
1001 2820 1206 2893 0111156.-

160 2906 332 2973 soleremar]
350 2904 478 2959 nolemus
494 2904 544 2977 bg.
559 2904 602 2960 81.
619 2934 656 2948 ·-
678 2911 778 2979 mepta
796 2907 927 2980 dependi]
945 2907 1001 2961 inv.
1019 2905 1069 2978 bg.
1088 2906 1131 2962 84.
1150 2922 1204 2960 om.

160 2993 258 3060 mepte
273 2988 352 3045 Mau.
371 2987 466 3047 bamb.
482 3018 518 3031 ·-
547 2997 577 3044 et
595 2990 816 3061 delectationis]
837 2993 877 3047 sie
899 2987 1024 3062 pleriqu'e
1044 2990 1123 3046 codd
1142 2989 1204 3046 nub

158 3075 229 3129 luat.
251 3074 328 3132 Grut.
349 3073 415 3130 Era.
442 3082 471 3129 et
493 3076 618 3131 deleruut
640 3077 704 3135 Seu
724 3077 841 3143 Maelii
863 3078 938 3131 uncis
961 3077 1130 3130 incluserunt
1153 3073 1204 3131 0r.

159 3159 243 3214 lleur.
279 3158 412 3231 dependi
428 3161 445 3215 1.
465 3149 643 3229 electionis,
663 3178 779 3233 quaeum
796 3162 942 3217 delectatio
961 3162 1122 3226 coniuncta3
1141 3159 1206 3215 bulo

159 3246 449 3326 opponiturvorrtore
477 3244 628 3300 bominem
657 3248 794 3318 aliquem,
821 3247 914 3308 ‚Haec
937 3246 1028 3300 omnia
1055 3262 1142 3314 usqua
1169 3244 1205 3299 ad

159 3346 250 3399 paam
264 3330 407 3384 utilitatis
424 3347 477 3387 om.
490 3330 539 3402 lap
550 3332 576 3387 6.
589 3364 621 3374 -
640 3332 904 3405 scriptitarertmt]
920 3333 1105 3403 scriptarum
1117 3329 1167 3402 bg.
1177 3331 1203 3386 4.

158 3417 370 3487 scriptitarunt
390 3416 429 3470 15.
446 3415 487 3471 34.
507 3417 549 3471 76.
567 3416 610 3472 86.
630 3416 776 3470 (16.1-
798 3414 1017 3485 Themistocles]
1040 3413 1204 3469 Themisto·

158 3499 212 3554 der
235 3498 286 3554 (lu.
305 3499 329 3555 3.
365 3499 456 3557 Etiam
482 3501 711 3574 Epaminondae
734 3511 762 3556 et
780 3500 927 3556 Aristidis
952 3515 1053 3553 nomen
1074 3501 1153 3556 vario
1176 3501 1204 3555 lu

156 3584 239 3638 codd.
266 3583 441 3640 deformatur.
465 3615 501 3627 -
538 3592 626 3658 atprte
649 3587 832 3654 inornatam]
860 3602 897 3640 ae
915 3588 1015 3641 iream.
1043 3583 1095 3658 bg.
1118 3587 1143 3642 4.
1169 3615 1205 3627 -
1290 3624 1293 3629 «

158 3670 338 3737 certionem]
355 3670 395 3724 sic
414 3669 502 3742 bpt.
521 3671 564 3727 tl.
582 3672 625 3729 35.
640 3670 683 3726 36.
701 3669 744 3726 65.
759 3671 803 3726 oti.
822 3670 864 3724 76.
882 3671 924 3725 76.
941 3669 984 3726 84.
1001 3669 1044 3725 33.
1063 3670 1114 3725 Gu.
1128 3670 1155 3725 3.
1168 3700 1204 3712 -

159 3754 318 3820 orationis]
333 3760 463 3808 oratori-r
481 3757 567 3810 lemur
580 3756 684 3810 habere
698 3756 759 3812 cod.
774 3756 843 3828 Reg.
856 3755 925 3811 7763
936 3755 1095 3831 (Lambini),
1113 3773 1204 3826 quem·

156 3836 305 3892 admodum
320 3838 493 3894 scribendum
511 3841 629 3895 coniecit
644 3840 711 3896 llru.
726 3873 756 3883 -
779 3840 813 3907 Q.
830 3839 986 3909 Tuberoni]
1004 3848 1047 3895 est
1057 3839 1205 3913 Verburgli

116 3932 120 3941 ‘
157 3922 329 3989 emendatio,
348 3923 437 3979 nullus
455 3926 526 3981 enlm
546 3924 581 3980 P.
605 3925 717 3980 Tubero
737 3927 795 3982 luit.
815 3959 847 3968 -
872 3925 968 3995 velut]
991 3927 1074 3997 viulgo
1092 3927 1140 3980 rel
1154 3932 1205 3990 atr

50 4048 53 4053 2
156 4007 206 4080 ὑφ’
226 4007 257 4063 i'r
279 4007 416 4080 1130211.
442 4009 483 4065 13.
505 4009 544 4067 14.
566 4004 607 4067 16.
630 4011 673 4067 86.
696 4011 739 4067 21.
757 4012 792 4066 al
810 4030 882 4067 oorr.
905 4012 958 4066 35:
967 4010 1009 4067 36.
1032 4009 1073 4064 65.
1097 4010 1139 4064 61.
1159 4008 1202 4065 69.

50 4115 53 4119 ’
158 4093 200 4148 76.
217 4094 260 4149 7³.
278 4094 320 4149 76.
338 4094 382 4150 81.
400 4093 460 4161 86,
486 4111 555 4164 quos
578 4113 689 4166 sequor.
725 4097 817 4169 Supra
839 4097 888 4151 oei
903 4103 937 4150 ut
958 4095 1083 4151 scribitur
1105 4093 1132 4147 in
1151 4109 1204 4163 mg.

49 4214 54 4221 «
156 4176 251 4236 bamb.
274 4189 362 4252 repet.
384 4178 485 4236 Peare.
508 4178 574 4235 sm.
597 4179 695 4238 Muell.
718 4210 753 4222 —-
779 4182 941 4255 possimus]
961 4191 1123 4269 perruptus
1151 4175 1204 4249 bg.

195 4306 197 4310 .
930 4280 972 4343 2⁷
983 4283 997 4314 ii
