2980 4602
284 341 382 414 ιω
423 372 427 377 »
668 300 923 400 munnorus

282 509 355 574 siue
378 488 456 571 artis
477 512 549 569 sunt
568 502 633 569 loci
659 505 726 568 sive
753 501 873 585 ingenii
894 499 1056 564 cuiusdam
1077 519 1116 566 ac
1136 500 1329 586 prudentiae,

193 606 199 621 ’
288 625 343 709 qui
361 623 454 688 modo
474 623 579 685 insunt
597 621 631 683 in
647 638 688 684 ea
701 639 747 696 re,
770 618 808 682 de
831 636 893 709 qua
908 599 1083 695 scribimus,
1105 618 1331 701 inquirentibus

287 712 381 807 nobis
408 740 551 822 omnique
578 738 647 800 acie
672 727 781 818 ingeni
807 733 1085 819 contemplantibus
1111 734 1276 807 ostendunt
1296 754 1332 800 se

271 852 321 922 'et
341 863 519 930 occurrunt3
542 870 710 936 omnesque
733 852 905 915 sententiae
924 850 1086 935 ,verbaque
1109 852 1228 927 omnia,
1251 870 1331 935 quae
1368 864 1373 871 ’

290 982 361 1038 sunt
382 973 531 1055 cuiusque
553 969 680 1053 generis
702 967 835 1032 maxime
856 966 1010 1043 illustria,
1033 966 1091 1031 sub
1115 958 1247 1032 acumen
1268 967 1332 1032 stili

215 1132 219 1139 ·
291 1089 424 1155 subeant
454 1097 485 1152 et
516 1085 685 1151 succedant
710 1103 843 1149 necesse
870 1094 937 1159 est;
968 1093 1032 1147 tum
1062 1085 1133 1168 ipsa
1164 1082 1332 1148 collocatio

291 1205 557 1287 conformatioque
587 1200 754 1266 verborum
789 1198 946 1285 perficitur
980 1201 1013 1263 in
1049 1199 1234 1274 scribendo,
1270 1218 1333 1264 non

290 1325 424 1411 poetico,
447 1319 505 1385 sed
518 1317 653 1402 quodam
671 1318 809 1382 oratorio
824 1315 953 1381 numero
969 1325 1000 1380 et
1012 1316 1113 1382 modo.
1152 1315 1223 1378 132.
1246 1313 1333 1380 llaec

292 1449 377 1515 sunt,
404 1455 484 1522 quae
510 1434 665 1500 clamores
688 1443 719 1498 et
741 1432 964 1497 admirationes
989 1434 1022 1496 in
1042 1430 1134 1497 bonis
1156 1430 1334 1496 oratoribus

293 1554 438 1635 efficiunt,
459 1569 560 1635 neque
584 1571 624 1615 ea
646 1552 823 1635 qnisquam,
845 1551 908 1613 nisi
930 1549 983 1613 diu
1004 1549 1188 1631 multumque
1211 1549 1334 1633 scripti-

292 1650 375 1748 tarit,
398 1672 491 1739 etiam
514 1669 543 1732 si
563 1666 835 1733 vehementissime
855 1685 890 1730 se
907 1667 940 1729 in
955 1664 1005 1729 his
1020 1665 1131 1730 subitis
1147 1663 1334 1729 dictionibus

294 1788 476 1862 exercuerit,
499 1793 713 1869 consequetur.
756 1781 795 1856 Et
817 1784 870 1867 qui
892 1761 1091 1847 ascribendi
1113 1781 1335 1847 consuetudine

296 1906 338 1971 ad
360 1903 524 1969 dicendum
537 1902 621 1966 venit
641 1899 723 1965 hanc
745 1897 835 1965 allent
849 1896 1038 1975 facultatem,
1059 1908 1101 1975 ut,
1124 1900 1218 1965 etiam
1234 1898 1335 1964 subito

295 2121 334 2172 ita
348 2120 438 2173 llavn.
457 2118 495 2182 1.,
513 2114 588 2172 011.
608 2133 717 2179 omnes,
735 2115 787 2170 Gn.
806 2116 829 2171 1.
849 2116 874 2170 2.
892 2115 949 2171 Erl.
970 2115 983 2168 l
1004 2134 1021 2169 a
1039 2133 1079 2188 pr.
1093 2127 1148 2181 'm.,
1165 2116 1216 2187 ng.
1235 2116 1274 2171 17.
1292 2116 1334 2172 21.
1414 2139 1420 2150 ·

295 2203 338 2257 32.
361 2202 403 2258 65.
422 2203 464 2256 76.
487 2202 528 2257 73.
552 2199 638 2266 Vict.;
664 2201 735 2254 idem
759 2207 801 2253 est
823 2204 855 2253 tu
877 2200 1057 2270 quadrantibus
1080 2201 1114 2253 24
1137 2217 1222 2265 corr.;
1246 2210 1274 2254 et
1298 2202 1337 2254 sic

295 2287 379 2342 lulius
395 2287 490 2340 Victor
508 2286 564 2340 Art.
581 2284 649 2339 rhet.
669 2303 696 2356 p.
716 2284 774 2344 116.
793 2285 863 2340 Ven.
883 2284 943 2338 Ald.
962 2283 1030 2340 lunt
1052 2283 1124 2339 Crat.
1145 2283 1222 2338 Man:
1241 2284 1335 2355 Steplr.

296 2371 379 2428 Hemr.
403 2372 436 2426 V.
461 2370 613 2425 Gernlrard.
639 2370 675 2423 ad
694 2366 748 2424 611.
768 2367 788 2423 l.
807 2369 837 2434 3,
861 2369 887 2423 9.
913 2367 998 2424 Beier
1020 2369 1056 2422 ad
1078 2367 1132 2423 06.
1157 2369 1185 2423 l:
1203 2369 1251 2436 36,
1278 2370 1335 2423 165.

296 2455 519 2527 auqudreuttlus
541 2453 591 2525 Lg.
615 2454 754 2529 plerique,
785 2454 837 2509 Gn.
861 2453 886 2507 2.
921 2452 1009 2508 llavn.
1037 2453 1060 2507 1.
1095 2452 1153 2509 ltrl.
1177 2454 1199 2509 1.
1225 2471 1259 2507 m.
1281 2471 1336 2511 sec,

295 2541 444 2612 pleraeque
468 2540 529 2594 edd.
554 2539 692 2606 antiquiss.
712 2537 807 2592 bamb.
826 2536 903 2591 Grut
921 2552 980 2606 sqq.
1017 2553 1057 2590 aa
1080 2555 1157 2608 quer.
1179 2547 1206 2591 et
1225 2542 1336 2608 acquir.

294 2625 345 2697 ng.
364 2625 496 2680 nonnulli.
513 2651 549 2666 —-
573 2624 649 2690 acte]
670 2638 723 2675 nm.
742 2621 793 2692 Lg.
811 2621 836 2676 3.
855 2620 897 2675 32.
915 2620 974 2688 ot,
1000 2622 1141 2690 eidemque
1158 2626 1283 2692 duperia.
1302 2653 1338 2664 -

266 2718 271 2729 “
296 2710 406 2780 tupeus']
425 2709 522 2778 scripsi
539 2707 690 2760 secundum
706 2706 756 2778 Lg.
771 2705 812 2760 16.
823 2705 866 2760 65.
879 2705 920 2760 76.
933 2734 970 2746 --
987 2702 1132 2774 maxime]
1148 2710 1338 2776 maximeque

295 2792 345 2863 Lg.
357 2792 399 2846 84.
425 2791 476 2844 Gn.
491 2791 513 2845 1.
535 2791 631 2860 Steph.
646 2791 730 2846 61-
753 2790 895 2857 illustria]
916 2790 1056 2844 inlustria
1073 2790 1122 2859 Lg.
1134 2789 1177 2843 65.
1191 2789 1231 2843 76.
1246 2789 1288 2845 73.
1301 2819 1338 2832 -

296 2877 431 2943 acumen]
455 2879 591 2928 acumine
608 2874 679 2929 Vici.
695 2903 731 2916 ·-
754 2874 922 2941 collocatio]
947 2874 1083 2938 collatio,
1109 2873 1252 2938 conlatio,
1277 2876 1337 2929 col-

296 2958 418 3021 latione,
437 2958 488 3028 [ις.
503 2957 570 3011 XXl
585 2960 708 3028 (praeter
727 2958 766 3013 17.
781 2958 893 3027 8485).
929 2956 1040 3014 Medias
1056 2959 1095 3012 sie
1112 2974 1206 3011 errore
1224 2959 1338 3014 omissas

295 3060 358 3097 esse
377 3041 573 3096 vocabulorum
591 3051 683 3112 partes
707 3043 840 3096 tralaticia
862 3059 907 3096 res
932 3051 987 3108 est;
1018 3045 1094 3099 velut
1116 3045 1195 3096 tutus
1219 3060 1271 3113 pro
1291 3048 1337 3098 tu·

296 3132 391 3190 teuto,
410 3125 544 3181 intortus
563 3143 613 3196 pro
631 3124 795 3190 inhonesto,
815 3133 912 3180 status
929 3145 980 3196 pro
998 3134 1127 3193 statuto,
1146 3144 1172 3181 v.
1193 3127 1285 3185 Heius.
1303 3128 1339 3181 cd

296 3209 361 3265 Tac.
378 3211 448 3265 Anu.
461 3210 494 3265 V.
509 3212 533 3263 4.
554 3209 640 3265 Drulr.
659 3210 694 3264 ad
713 3209 773 3265 hir.
787 3209 876 3265 XXII.
891 3210 935 3277 37,
947 3211 972 3265 9.
990 3210 1090 3265 XXIV.
1103 3210 1146 3277 48,
1165 3211 1189 3265 7.
1209 3210 1336 3266 XXVlll.

283 3296 340 3361 -24,
350 3297 377 3368 ι4.
396 3293 526 3349 XXXIX.
540 3293 582 3361 13,
595 3295 621 3349 8.
635 3324 671 3334 -
692 3294 957 3365 conforrnuttoquc]
976 3301 1005 3347 et
1018 3295 1216 3364 consommatio
1234 3295 1284 3366 Lg.
1297 3295 1337 3351 16.

294 3379 338 3433 23.
354 3380 395 3433 70.
413 3379 454 3433 73.
466 3376 507 3433 86.
543 3386 573 3432 et
590 3378 777 3447 confimatio
795 3379 819 3433 3.
840 3379 882 3435 32.
901 3379 944 3433 67.
980 3379 1223 3449 coafirusattopue
1239 3382 1338 3436 beorr.

296 3454 496 3532 couforntutio
515 3462 540 3516 6.
559 3461 601 3517 21.
622 3463 654 3516 14
672 3479 742 3516 corr.
768 3462 808 3517 15.
827 3462 869 3516 26.
887 3462 929 3517 65.
949 3460 982 3515 76
1000 3480 1069 3518 corr.
1092 3463 1135 3518 81.
1151 3463 1194 3520 84.
1212 3493 1248 3505 -
1268 3458 1338 3537 pler-

293 3547 405 3616 ficttur]
424 3546 579 3615 conficitur
594 3546 645 3617 Lg.
663 3547 694 3599 21
714 3564 783 3602 corr.
800 3575 836 3586 --
859 3545 1074 3615 inscribendo]
1095 3565 1146 3603 om.
1165 3547 1215 3618 bg.
1234 3540 1277 3603 23.
1345 3572 1347 3577 ’

383 3631 441 3685 152.
475 3634 537 3684 uisi
553 3631 616 3698 diu]
635 3634 696 3685 utri
712 3635 765 3700 qut
779 3629 840 3694 diu,
859 3639 889 3684 ut
900 3629 1050 3686 Lambinus
1068 3632 1152 3699 dedit,
1170 3631 1219 3703 Lg.
1235 3632 1278 3687 26.
1295 3631 1339 3687 21.

187 3730 194 3735 ’
294 3713 337 3768 23.
362 3714 404 3768 81.
428 3714 488 3779 84.,
517 3715 591 3783 quod
620 3732 714 3769 omnes
739 3718 863 3771 veritatis
888 3733 1016 3771 numeros
1041 3716 1144 3770 habere
1166 3717 1281 3771 videtur.
1304 3744 1341 3758 ·-

296 3797 486 3868 scriqstttarit]
504 3803 740 3870 perscripttturit
756 3800 805 3871 bg.
824 3801 941 3856 246011.
971 3805 1128 3873 scriptorii
1145 3799 1186 3855 23.
1219 3803 1341 3871 seripti-

294 3884 424 3935 tanertrrt
442 3880 511 3936 vtes.
530 3909 565 3922 -
591 3887 683 3937 ctiam
702 3886 746 3952 rt]
771 3887 811 3939 sic
830 3885 936 3939 divisim
954 3885 1025 3940 Vict.
1045 3885 1096 3956 ug.
1116 3901 1210 3939 omnes
1229 3893 1341 3954 praeter

294 3963 337 4017 76.
354 3991 390 4002 -
403 3964 530 4034 subitis]
549 3966 623 4020 Iocis
641 3966 746 4025 subitis
763 3967 814 4039 bg.
833 3970 858 4026 3.
879 4000 910 4009 -
933 3968 1011 4022 hunc
1027 3968 1134 4038 affert]
1153 3970 1209 4022 inv.
1227 3966 1277 4039 bg
1296 3967 1340 4022 26.
1381 3969 1389 3976 ”

295 4044 397 4114 adfert
414 4048 455 4119 73.
470 4076 506 4090 —-
524 4050 673 4118 dicautur]
693 4052 776 4105 dicut
791 4052 841 4123 bg.
855 4052 897 4107 26.
927 4053 1067 4107 dicuutur
1083 4051 1126 4107 65.
1137 4080 1173 4094 —-
1192 4051 1341 4121 attulertt]

295 4128 439 4201 pdtulertt
457 4132 507 4203 Lg.
527 4132 571 4191 76.
590 4132 632 4190 73.
650 4161 686 4177 ·—
713 4137 916 4208 consequetur]
935 4140 1123 4208 consequitur
1139 4135 1191 4207 hg.
1207 4135 1251 4190 65.
