2876 4612
259 321 348 392 m
658 309 912 384 CICERONIS

172 476 175 493 ⁸
258 497 352 556 rentu
367 505 500 574 poscere
522 505 585 573 qna
606 485 645 551 de
662 506 698 552 re
720 487 852 572 quisque
868 483 965 551 vellet
985 483 1112 563 audire3
1133 483 1186 550 'cui
1203 485 1335 551 tantus

259 605 360 672 honos
381 604 506 669 babitus
528 613 578 669 est
600 623 620 668 a
641 602 788 680 Graecia,
811 602 874 697 soli
894 613 927 667 ut
948 621 988 667 ex
1010 602 1152 669 omnibus
1174 600 1330 688 Delphis

258 742 323 788 non
343 723 489 786 inaurata
512 730 623 798 statua,
646 721 704 785 sed
726 739 824 785 aurea
845 729 1040 785 statueretur.
1084 720 1157 784 136.
1185 717 1258 783 Sed
1286 722 1327 797 ii,

206 876 208 879 -
260 858 338 925 qnos
359 839 534 915 nominavi,
561 814 716 922 multique
729 846 895 923 praeterea
917 839 1028 901 summi
1050 836 1175 901 dicendi
1199 836 1341 903 docto-,
1364 882 1369 887 -

259 974 312 1021 res
338 975 400 1021 uno
428 964 566 1039 tempore
592 954 733 1032 fuerunt3
761 953 937 1039 exquibus
964 953 1107 1037 intellegi
1132 963 1236 1040 potest
1269 955 1323 1018 ita

191 1116 193 1120 »
260 1091 296 1136 se
317 1091 384 1136 rem
405 1069 539 1148 bahem,
566 1082 598 1135 ut
624 1081 683 1157 tu„
699 1068 831 1147 Crasse,
858 1071 939 1136 dicis
967 1066 1165 1155 oratorisque
1192 1090 1318 1135 nomen

197 1164 206 1176 .
260 1187 342 1274 apud
364 1189 513 1272 antiquos
535 1189 568 1251 in
591 1186 728 1253 Graecia
754 1188 873 1252 maiore
900 1187 1035 1273 quadam
1060 1186 1113 1253 vel
1135 1180 1230 1274 copia
1254 1186 1315 1252 vel

258 1304 365 1389 gloria
390 1303 545 1370 floruisse.
593 1304 665 1368 131.
697 1302 766 1381 Quo
793 1304 917 1388 quidem
943 1306 1046 1387 magis
1074 1302 1181 1369 dubito
1207 1302 1313 1368 tibine

258 1420 328 1508 plus
355 1421 459 1486 laudis
492 1441 541 1508 an,
561 1418 693 1486 Graecis
719 1398 957 1506 uituperationis
989 1429 1124 1484 statuam
1150 1439 1224 1484 esse
1249 1422 1313 1484 tri-

258 1516 436 1615 buendum,⁸
462 1557 531 1602 cum
556 1546 589 1601 tu
615 1538 649 1601 in
675 1536 741 1602 alia
766 1537 877 1620 lingua
903 1557 941 1603 ac
964 1536 1105 1602 moribus
1131 1546 1224 1601 natus
1251 1556 1311 1602 oc-

204 1667 210 1674 ·
259 1655 464 1741 cupatissima
499 1657 533 1719 in
565 1655 690 1719 civitate
727 1652 779 1720 vel
810 1655 1001 1738 privatorum
1035 1654 1172 1737 negotiis
1203 1672 1309 1739 paene

253 1766 403 1839 'omuibus
428 1770 481 1838 vel
503 1769 589 1836 orbis
615 1779 719 1836 terrae
741 1772 960 1856 procuratione
988 1789 1026 1835 ac
1049 1770 1160 1834 summi
1183 1772 1309 1856 imperii

258 1880 484 1973 gubernatione
508 1887 665 1951 districtus
685 1896 804 1951 tantam
823 1888 885 1952 vim
908 1906 1012 1953 rerum
1034 1888 1306 1972 cognitionemque
1417 1884 1418 1917 ³

259 2002 531 2093 comprehenderis
559 2020 689 2086 eamque
718 2020 839 2066 omnem
872 2022 941 2070 cum
969 2005 1055 2080 eius,
1088 2005 1141 2089 qui
1167 2003 1305 2069 oonsilio

256 2126 289 2183 et
310 2119 452 2183 oration'e
473 2119 651 2182 incivitate
673 2117 788 2195 valeat,
805 2121 944 2184 ‘scientia
966 2129 1057 2205 atque
1080 2121 1304 2186 exercitatione

258 2236 410 2315 sociaris3
436 2216 485 2299 illi
511 2236 577 2299 nati
603 2236 637 2300 in
656 2234 758 2300 literis
781 2234 988 2322 ardentesque
1010 2235 1060 2301 his
1083 2236 1209 2315 studiis,
1239 2239 1301 2302 otio
1417 2314 1418 2331 χ

257 2466 283 2521 3.
297 2465 323 2521 6.
342 2494 378 2508 ·-
397 2465 532 2537 babitus]
550 2454 679 2522 emtbttus
696 2466 746 2539 Lg.
765 2469 866 2522 dcorr.
886 2475 930 2521 ost
947 2467 1075 2523 babitus.
1092 2467 1117 2522 5.
1131 2467 1178 2522 -14,
1199 2468 1238 2522 15.
1259 2468 1299 2524 17.

258 2550 300 2604 11.
315 2550 413 2606 1314.
434 2551 476 2605 35.
496 2551 538 2606 65.
554 2551 597 2605 67.
616 2551 658 2607 66.
677 2551 719 2604 76.
738 2553 778 2606 73.
797 2552 839 2606 81.
857 2550 960 2610 8186.
980 2552 1023 2607 63.
1042 2570 1120 2623 quam
1140 2554 1299 2622 scripturum

257 2634 404 2704 aliquando
428 2651 484 2688 non
508 2634 715 2704 improbandam
734 2635 877 2705 putabam,
903 2637 954 2690 etsi
973 2638 1139 2690 locutionem
1162 2635 1298 2690 bonorem

258 2716 398 2772 eubtbero
415 2718 509 2772 alicui
525 2720 599 2788 apud
618 2727 759 2772 auctorem
767 2719 894 2789 vUlpiano
911 2722 1092 2789 antiquiorem
1109 2737 1163 2773 nou
1181 2722 1296 2790 reperie-

256 2803 329 2857 bam.
363 2802 446 2856 Nunc
465 2803 593 2856 existimo
616 2811 704 2856 ortam
727 2821 762 2857 ex
784 2804 942 2858 inversione
961 2804 1066 2858 ordinis
1087 2803 1295 2867 vocabulorum

257 2903 317 2939 cum
339 2886 410 2939 enirn
427 2887 557 2955 scriptum
575 2895 648 2940 esset
668 2887 684 2939 le
703 2885 823 2943 babitus
840 2905 892 2957 pro
910 2886 1030 2940 bobltus
1048 2893 1107 2950 est,
1130 2887 1231 2943 lactum
1247 2905 1294 2941 ecc·

257 2967 351 3103 illitoq
371 2987 393 3023 s.
417 2968 583 3034 cubilitus,
605 2971 634 3025 id
657 2972 731 3040 quod
753 2981 895 3025 corrector
918 2972 1022 3026 codicis
1045 2970 1096 3042 bg.
1115 2974 1141 3027 t.
1167 2981 1241 3027 recte
1259 2973 1295 3024 in·

256 3058 284 3104 te
295 3052 341 3103 lex
353 3062 371 3106 t.

345 3158 404 3214 136.
440 3158 511 3229 secl]
536 3160 576 3213 alc
599 3165 708 3216 correxl
733 3164 870 3235 vulgatum
892 3156 980 3234 atque
1003 3180 1038 3217 ex
1062 3162 1113 3234 Lg.
1134 3162 1159 3216 3.
1183 3165 1208 3218 Δ.
1229 3163 1252 3218 5.
1269 3162 1290 3216 6.

257 3242 298 3298 13.
316 3241 356 3297 lt.
373 3242 470 3299 luto.
486 3245 527 3298 17.
545 3243 759 3299 16111314.
778 3247 820 3301 31.
839 3249 881 3303 35.
900 3247 943 3302 36.
961 3247 1003 3302 65.
1018 3247 1060 3301 67.
1078 3247 1120 3301 76.
1137 3246 1178 3300 73.
1197 3247 1237 3301 76.
1253 3246 1289 3301 63.

255 3326 328 3383 Vlct.
349 3326 401 3382 Gn.
415 3327 440 3382 3.
459 3319 663 3382 ’606016ῐίοηί
678 3338 719 3382 est
736 3340 800 3400 post
813 3331 965 3402 longiorem
978 3331 1173 3402 digressionem
1193 3330 1229 3383 ad
1241 3347 1291 3383 rem

256 3406 441 3466 revocandae.
459 3438 494 3454 —-
526 3411 654 3482 summi]
677 3418 851 3484 acerrimiquex
864 3415 915 3487 ng.
933 3416 957 3471 1.
982 3414 1007 3470 3.
1031 3416 1056 3469 6.
1083 3414 1123 3466 13.
1142 3414 1184 3468 31.
1205 3413 1244 3469 36.
1261 3442 1291 3455 -

257 3492 406 3563 doctores]
426 3511 533 3551 causam
551 3508 615 3551 uou‘
625 3499 735 3567 reperio
754 3516 802 3551 cur
820 3501 898 3552 unius
916 3499 978 3553 libri
990 3498 1168 3568 Erlangensis
1186 3499 1290 3568 scriptu·

255 3594 314 3630 ram
335 3594 450 3647 eamque
473 3591 636 3655 correctam,
668 3589 819 3646 auctores,
849 3584 888 3636 illi
913 3583 1080 3654 praeferam,
1111 3599 1192 3650 quam
1215 3583 1290 3634 ceteri

256 3676 351 3715 omnes
373 3660 483 3718 babent.
501 3695 536 3704 -
566 3664 716 3736 intellegi]
739 3667 781 3744 sic
801 3667 852 3737 Lg.
875 3667 915 3722 13.
939 3667 983 3722 36.
1000 3694 1036 3711 -v-
1063 3662 1111 3719 ool
1131 3664 1231 3737 copta]
1252 3664 1292 3718 oet

256 3760 309 3800 om.
328 3744 379 3816 Lg.
398 3748 423 3801 3.
440 3748 464 3802 6.
485 3747 520 3801 31
537 3748 599 3803 add.

342 3853 399 3909 131.
436 3858 570 3908 statuam
587 3872 651 3908 esse
669 3856 870 3927 tribuendum]
895 3858 935 3909 sic
956 3856 1058 3910 mutavi
1080 3862 1220 3926 receptum
1237 3873 1289 3911 ver·

254 3936 352 3991 borum
364 3937 489 3992 ordinem
503 3938 689 3992 tribuendum
700 3956 763 3993 esse
776 3947 910 3994 statuam
924 3940 1071 3994 secundum
1083 3939 1135 4010 Ing.
1148 3950 1256 4010 praeter
1265 3941 1286 3995 l.

255 4037 360 4086 omues,
378 4022 442 4073 item
454 4022 524 4075 Viet.
542 4022 594 4075 Gn.
607 4022 630 4075 l.
642 4023 669 4076 3.
677 4034 720 4080 ,-·-“
735 4022 882 4093 omuibus]
899 4026 939 4078 sic
956 4040 1050 4077 omnes
1071 4025 1148 4079 codd.
1168 4032 1196 4077 et
1214 4025 1287 4094 vulgo

255 4102 317 4157 edd
353 4102 492 4155 Schuetzii
519 4104 678 4159 coniectura
700 4104 823 4161 obrutos
852 4124 907 4162 uon
927 4109 1014 4162 minua
1040 4108 1124 4165 futilia
1149 4117 1191 4162 eut
1215 4124 1287 4177 qoam
