2980 4602
351 348 356 355 .
414 304 473 372 nu
501 302 729 399 oenuoeu
756 304 881 374 ιιιιιιιι
901 307 925 375 ι
947 307 998 376 ss.
1145 312 1229 385 ιιιι

184 470 263 539 Erat
290 472 372 538 e'nim
393 472 525 538 Athenis
551 492 607 538 reo
634 475 794 553 damnato,
823 477 852 540 si
877 474 965 540 fraus
994 475 1140 564 capitalis
1166 498 1230 545 non

186 602 285 667 esset,
315 593 405 687 quasi
425 610 546 678 poenae
575 594 768 670 aestimeti03
811 593 883 656 232.
911 604 954 669 et,
983 598 1228 661 sententiosum
1259 626 1263 637 ¹

184 707 340 773 iudicibus
368 710 506 785 daretur,
533 709 786 793 interrogabatur
805 728 878 774 reus
905 730 997 795 quam
1020 715 1111 797 quasi
1132 716 1228 780 aesti-

183 829 353 917 mationem
384 828 607 892 commeruisse
639 846 674 891 se
705 828 839 892 maxime
873 826 1077 893 confiteretur.
1137 828 1229 908 Quod

185 962 254 1006 cum
268 927 486 1027 'interrogatus
503 940 653 1009 Socrates
676 953 770 1014 esset.
791 943 953 1030 respondit
974 965 1045 1011 sese
1065 949 1227 1026 memisse,
1290 1030 1297 1035 Ι

184 1069 217 1123 ut
244 1060 447 1145 amplissimis
468 1058 640 1125 honoribus
667 1070 697 1124 et
722 1063 870 1146 praemiis
897 1061 1169 1141 decorandum-et
1194 1074 1228 1130 ut

185 1179 215 1241 ei
237 1179 337 1243 victus
360 1177 536 1242 cotidianus
558 1178 591 1240 in
611 1175 766 1260 Prytaneo
787 1177 912 1264 publice
933 1179 1152 1265 praeberetur3
1174 1183 1227 1267 qui

183 1291 284 1359 honos
312 1294 394 1380 apud
424 1291 565 1384 Graecos
591 1296 742 1359 maximus
769 1294 909 1361 hahetur.
951 1284 1033 1362 233ss
1053 1296 1149 1363 Cuius
1175 1318 1227 1364 ne·

167 1396 301 1498 ‘sponso
334 1413 381 1476 sic
408 1410 530 1475 iudices
559 1400 762 1499 exarserunt,
792 1422 825 1476 m
856 1404 967 1498 capitis
994 1413 1150 1483 hominem
1177 1417 1226 1481 in·

183 1530 440 1595 nocentissimum
468 1527 719 1592 condemnarent:
771 1525 833 1605 Qui
859 1529 982 1612 quidem
1008 1534 1036 1596 si
1064 1531 1226 1598 absolutus

182 1655 270 1711 esset
292 1643 390 1728 (quod
415 1663 463 1707 me
485 1641 646 1737 Hercuiep
664 1644 759 1707 etiam
786 1646 815 1706 si
836 1642 914 1715 nihil
941 1646 982 1709 ad
1005 1666 1063 1712 nos
1084 1650 1226 1733 pertinet,

181 1772 289 1826 tamen
304 1756 429 1846 propter
450 1761 519 1855 eius
541 1762 648 1843 ingeni
669 1758 914 1843 magnitudinem
934 1760 1071 1843 vellem),
1093 1783 1227 1848 qucum

181 1878 276 1943 modo
303 1878 382 1942 istos
408 1876 613 1966 philosophos
639 1876 722 1943 ferre
749 1895 927 1963 possemus,
957 1879 1131 1963 quinum,
1158 1898 1228 1949 cum

181 1996 236 2061 iile
259 1996 423 2060 damnatus
450 2004 499 2060 est
524 1993 644 2059 nullam
672 1993 768 2059 aliam
791 1994 830 2060 ob
854 1995 992 2081 culpam,
1019 1999 1081 2062 nisi
1102 2011 1227 2086 propter

183 2113 308 2179 dicendi
339 2114 558 2189 inscientiam,
594 2120 698 2177 tamen
733 2131 755 2177 a
787 2131 822 2178 se
854 2108 996 2199 oportere
1028 2115 1133 2182 dicunt
1162 2119 1227 2204 peti

184 2344 219 2396 69
238 2362 306 2399 corr.
331 2355 361 2399 ut
377 2347 403 2401 6.
421 2347 462 2402 81.
481 2348 523 2404 84.
547 2345 582 2402 93
600 2364 669 2403 corr.
691 2357 721 2402 ut
737 2348 763 2402 6.
790 2347 841 2401 Gu.
861 2347 885 2402 2.
923 2352 1111 2420 tmprntaoeo
1130 2349 1173 2421 (p.
1195 2351 1227 2402 itt

183 2430 279 2500 prpe.)
303 2428 354 2482 Gu.
374 2430 397 2484 l.
428 2433 569 2502 pritooeo
588 2431 638 2503 ug.
658 2431 684 2486 6.
705 2441 733 2486 ct
751 2430 790 2483 lx
809 2432 864 2485 aiii.
881 2460 917 2472 —-
942 2431 1045 2499 honos]
1065 2432 1158 2484 honor
1177 2430 1245 2502 lig.¹

184 2521 298 2583 praeter
317 2512 356 2566 14.
374 2513 414 2566 15.
428 2513 468 2568 71.
486 2514 527 2570 23.
539 2515 580 2571 93.
601 2516 652 2569 Gu.
666 2516 691 2569 2.
728 2515 811 2572 Quod
829 2517 856 2567 in
876 2515 929 2567 aiis
948 2515 1028 2568 codd.
1047 2514 1153 2568 ratione
1171 2532 1227 2569 non

184 2606 330 2650 cunctarer
353 2599 484 2668 recipere.
520 2586 803 2670 Minime'perpetuus
828 2605 869 2650 est
893 2598 1004 2650 alterius
1027 2598 1138 2672 formae¹
1154 2599 1228 2668 opud

184 2680 345 2735 Ciceronem
360 2700 429 2738 usus.
442 2690 478 2725 ὲ
495 2684 629 2752 hebetior]
647 2684 718 2738 hanc
730 2681 842 2736 Ernesti
857 2682 1039 2735 coniecturam
1059 2683 1228 2737 recentiores

180 2767 269 2820 secuti
290 2760 367 2831 suut3
392 2768 471 2821 codd.
497 2768 670 2833 haberetur,
697 2767 770 2836 quod
794 2767 857 2820 oiim
878 2765 990 2819 defendi
1011 2784 1045 2821 ex
1065 2765 1228 2823 attractione

182 2860 335 2921 temporum
354 2852 402 2920 (ad
418 2849 497 2906 Brut.
516 2853 560 2918 32,
580 2853 661 2922 itt),
680 2855 831 2920 iterumque
851 2851 965 2904 eandem
983 2869 1039 2906 rem
1059 2853 1135 2924 attigi
1153 2854 1225 2924 expl.

182 2935 219 2987 od
243 2933 265 2989 Ι.
285 2935 321 2989 de
345 2933 394 2990 Or.
415 2937 463 3002 m,
493 2936 550 2991 190.
593 2937 639 2991 Ne
663 2955 734 2990 urunc
757 2938 865 3008 quidem
887 2937 1076 3006 repudiarem,
1103 2940 1227 3006 quamvis

182 3034 267 3089 saepe
290 3012 337 3073 eas
355 3020 462 3073 ¹formas
486 3024 646 3076 commutari
667 3024 765 3087 sciam,
789 3022 841 3075 nisi
864 3022 968 3075 incerta
992 3022 1071 3076 codd.
1091 3021 1164 3077 fides
1180 3023 1227 3078 ob·

181 3111 276 3158 staret.
311 3104 394 3161 Quod
408 3104 492 3161 Henr.
513 3108 551 3159 ait
570 3107 656 3161 verba
672 3107 720 3160 iiia
737 3095 845 3160 minime
863 3124 944 3176 posse
957 3108 1089 3178 implicari
1105 3109 1227 3164 Socratis

182 3187 277 3254 dictis,
294 3189 381 3258 ipsum
401 3198 456 3255 est,
477 3191 552 3260 quod
568 3204 648 3262 nego.

268 3271 326 3327 233.
364 3276 408 3325 stc
430 3275 555 3341 iudices]
581 3277 636 3328 inv.
660 3274 709 3346 Lg.
734 3276 760 3328 3.
772 3275 805 3328 x5.
827 3274 859 3330 5..
875 3273 916 3328 16.
936 3274 976 3328 17.
997 3266 1225 3330 16119135.

152 3414 159 3421 ἣ
180 3356 224 3410 65.
242 3355 286 3409 67.
302 3356 342 3410 76.
359 3356 399 3412 73.
417 3357 459 3412 81.
476 3358 519 3412 84.
537 3359 579 3414 86.
596 3387 632 3400 -
651 3358 800 3412 hominem
817 3360 925 3426 innoc]
945 3359 1001 3411 inv.
1019 3358 1069 3429 Lg.
1085 3359 1227 3415 61193.-

181 3457 230 3493 me
249 3438 388 3510 Hercule]
406 3443 445 3495 sic
463 3444 522 3511 (out
541 3442 633 3512 luere.)
651 3442 750 3514 Lgsli
763 3460 833 3497 corr.
869 3441 1048 3496 mehercules
1066 3444 1107 3498 67.
1122 3444 1164 3499 69.
1184 3445 1224 3500 76.

182 3523 223 3578 76.
242 3523 346 3579 8186.
372 3525 423 3581 Gu.
445 3527 466 3581 1.
503 3544 551 3580 me
568 3527 664 3581 hercle
681 3528 706 3582 6.
724 3527 766 3582 20.
785 3527 854 3580 Vict.
873 3527 931 3581 reli.
949 3525 997 3598 ὑφ’
1019 3527 1057 3580 ἓν.
1078 3560 1109 3569 -
1135 3533 1227 3584 eitum

181 3608 291 3676 oilsic
315 3609 422 3664 divisim
446 3610 495 3683 bg.
521 3612 563 3666 65.
586 3612 627 3666 67.
650 3611 693 3665 oe.
713 3611 754 3665 76.
773 3612 814 3666 73.
834 3611 875 3666 76.
899 3610 941 3666 81.
962 3612 1003 3665 dd.
1024 3613 1065 3667 86.
1087 3612 1129 3666 93.
1155 3615 1225 3670 Vict.

181 3691 233 3746 Gu.
251 3694 274 3747 1.
302 3699 331 3745 ut
347 3695 434 3760 solet,
458 3695 554 3766 Steph.
574 3695 643 3750 lunt.
665 3694 743 3750 Man.
765 3696 861 3749 Lami).
897 3699 926 3748 st
944 3695 984 3749 17.
1020 3700 1114 3771 ettam
1132 3698 1173 3752 20.
1192 3729 1227 3739 -

180 3779 297 3848 inperii]
323 3779 420 3848 scripsi
443 3797 478 3833 ex
500 3776 549 3850 mg.
570 3780 611 3834 16.
630 3779 672 3835 65.
695 3788 731 3820 ὲ-
759 3781 897 3848 quonam]
923 3780 1029 3833 divisim
1051 3780 1100 3851 hg.
1119 3774 1163 3841 67,
1184 3780 1227 3838 763

179 3866 323 3932 quonium
336 3863 361 3915 3.
375 3890 411 3902 —
434 3866 641 3931 inscientium}
650 3849 776 3920 tesceiam
790 3863 839 3935 bg.
853 3865 878 3919 6.
893 3866 932 3918 lt.
946 3864 986 3919 15.
1018 3869 1170 3920 inretitam
1183 3867 1225 3923 81.

180 3945 278 4016 Steph.
298 3947 359 4001 Ald.
380 3933 457 4000 (irat.x
471 3946 548 4001 Μιιιι.
585 3954 740 4003 scientiam
763 3949 813 4020 Lg.
832 3948 873 4004 76.
891 3976 927 3989 -—
951 3952 1121 4020 possemus]
1143 3950 1228 4004 Batti

180 4031 340 4083 coniectore
358 4048 520 4102 possumus
546 4050 599 4101 quo
623 4035 705 4091 modo
725 4051 785 4088 cum
801 4034 938 4105 prioribus
957 4041 1009 4102 qut
1027 4040 1055 4088 oi
1073 4035 1227 4088 absolutes

182 4121 260 4168 esset
279 4115 494 4171 conveniatnon
509 4117 601 4172 video.
615 4147 650 4161 --
667 4117 850 4188 postumum]
868 4118 977 4172 divisim
991 4118 1041 4185 bg.
1054 4115 1128 4169 x1v.
1147 4118 1226 4181 (quo-
