2942 4608
378 276 438 343 ιιιι
466 257 694 345 oniscon
720 274 846 342 unsa
866 274 918 343 ιιι
940 279 992 343 aa.
1112 279 1205 351 eor

158 447 262 515 iorum
288 449 341 532 qui
363 447 482 511 curiam
513 445 564 530 qui
588 462 705 510 causas
730 445 784 529 qui
809 463 879 509 rem.
898 444 1056 530 publicam
1077 454 1205 530 spectet,
1234 469 1236 473 ’

159 583 241 649 opus
264 581 336 629 esso
359 561 494 627 arbitror
514 563 679 647 temporis,
703 548 849 658 quantum
871 561 932 626 sibi
954 564 978 627 ii
1000 570 1205 648 sumpserunt,

159 699 241 765 quos
263 679 420 745 discentes
441 678 509 744 vita
529 678 654 744 defecit.
699 675 815 745 Omnes
838 681 923 745 enim
943 689 1026 745 artes
1049 679 1142 745 aliter
1163 677 1204 743 ab

157 798 200 862 iis
222 807 402 874 tractantur,
423 798 477 881 qui
499 815 556 861 eas
580 795 951 885 aduersumtranslenpnt,
975 796 1067 863 aliter
1089 794 1129 861 ab
1152 796 1204 872 iis,

159 916 214 1000 qui
241 916 379 1000 ipsarum
406 915 518 978 artium
543 923 677 979 tractatu
704 913 850 979 delectati
876 912 954 978 nihil
980 915 1014 978 in
1039 915 1105 980 vita
1135 921 1205 977 suut

36 1049 42 1063 ⁸
157 1029 247 1096 aliud
273 1035 382 1096 acturi.
436 1027 593 1118 Magister
617 1029 669 1096 hio
696 1028 882 1096 Samnitium
911 1050 1031 1095 summa
1061 1031 1135 1095 iam
1152 1048 1205 1094 se·
1297 1020 1299 1027 ’

156 1136 281 1212 nectute
314 1157 363 1212 est
393 1156 424 1212 et
444 1146 592 1230 quotidie
624 1158 863 1226 commentatum
895 1147 973 1212 nibil
1005 1149 1088 1213 enim
1115 1155 1203 1212 curat

158 1262 256 1327 aliud.
300 1262 342 1328 At
369 1262 407 1341 Q.
429 1260 577 1328 Velocius
604 1284 681 1350 puer
706 1265 917 1342 addidicerat3
947 1264 1003 1328 sed
1030 1262 1203 1348 quoderat
1311 1252 1317 1271 “

159 1389 249 1465 aptus
277 1380 318 1446 ad
339 1380 417 1445 illud
443 1386 599 1465 totumque
621 1392 787 1465 cognorat,
814 1382 884 1458 luit,
911 1390 944 1446 ut
965 1389 1014 1447 est
1036 1379 1117 1467 apud
1138 1376 1219 1442 Lu:

159 1495 280 1576 cilium,
760 1572 762 1587 1

410 1659 420 1674 ,
452 1615 491 1648 -’-
516 1638 554 1648 -
579 1638 618 1649 —-
642 1604 784 1683 quamvis
807 1602 906 1666 bonus
929 1603 995 1682 ipse

254 1698 382 1766 Samnis
403 1692 534 1765 inludo
557 1719 594 1764 ac
615 1702 747 1764 rudibus
770 1704 868 1765 cuivis
890 1703 968 1765 sotis
991 1717 1105 1780 osper;

159 1844 217 1910 sed
252 1843 322 1930 plus
359 1863 474 1929 operae
510 1844 580 1910 foro
617 1843 774 1910 tribuebat
810 1846 921 1910 amicis
958 1845 1006 1908 rel
1042 1838 1202 1907 familiari.
1245 1868 1249 1878 ¹

156 1961 209 2028 87.
231 1959 377 2026 Valerius
393 1961 529 2047 quotidie
552 1961 714 2045 cantabat;
736 1972 805 2028 erat
823 1964 906 2028 enim
924 1963 1079 2027 scenicus.
1118 1955 1202 2037 Quid

157 2167 295 2235 iptsorom
311 2161 394 2232 plane
410 2161 496 2216 abest.
511 2190 547 2201 —-
565 2168 633 2215 suat
650 2161 749 2231 aliud]
767 2163 822 2218 inv.
841 2162 891 2234 bg.
907 2164 933 2218 6.
951 2191 985 2202 -
1006 2155 1200 2224 Samnitium]

157 2248 320 2299 samnitum
334 2254 382 2299 aut
396 2249 548 2298 aconitum
565 2243 616 2315 bg.
627 2243 652 2300 6.
666 2245 760 2301 1126,
775 2277 810 2286 —
828 2263 945 2301 summ
963 2250 1027 2298 iam
1040 2238 1201 2307 senectute]

156 2337 187 2382 ct
206 2346 324 2381 summa
341 2331 362 2380 i.
376 2345 409 2389 a,
429 2337 457 2380 ut
477 2344 511 2380 ex
530 2328 572 2381 ed.
591 2329 684 2383 Wald.
713 2327 847 2382 Ernestns
865 2339 893 2383 et
907 2328 1005 2382 Muell.
1023 2327 1201 2395 scripserunt,

159 2428 232 2464 nuno
251 2419 391 2480 repertum
410 2419 451 2463 est
473 2412 500 2463 in
520 2409 569 2480 bg.
588 2410 629 2464 14.
647 2411 689 2466 23.
708 2410 811 2468 6169.
848 2411 968 2467 Omnino
986 2411 1014 2464 in
1030 2410 1072 2463 bis
1091 2407 1201 2477 quidem

158 2496 235 2549 libris
260 2496 308 2548 vix
330 2492 386 2546 nlla
410 2502 450 2547 est
474 2495 644 2563 antiquarum
667 2495 990 2564 editionumscriptura,
1018 2493 1070 2546 nisi
1097 2491 1202 2560 aliquot

158 2578 284 2633 ltambini
306 2576 475 2646 suspiciones
490 2578 636 2647 excipias,
666 2596 737 2646 quae
759 2596 814 2633 uon
836 2581 864 2632 in
887 2579 978 2647 aliquo
1001 2577 1096 2631 codice
1119 2591 1200 2627 manu

156 2665 259 2733 scripto
276 2662 437 2732 reperiatur.
461 2662 564 2715 Verum
577 2669 607 2716 et
620 2662 755 2731 quotidie
768 2669 984 2717 commentator
1003 2670 1045 2714 est
1058 2666 1087 2714 et
1100 2666 1202 2713 tameo

158 2749 289 2818 quotidie
303 2752 531 2809 commentatur,
551 2762 605 2814 qua
619 2764 649 2800 re
662 2747 797 2817 particula
813 2742 910 2818 priore¹
921 2747 1042 2800 membro
1058 2742 1202 2797 inferenda

158 2849 212 2885 non
231 2848 349 2902 egemus.
369 2847 396 2884 v.
413 2828 503 2899 lntpp.
521 2828 603 2883 Bruti
619 2830 662 2895 29,
678 2830 736 2886 110.
756 2842 784 2885 et
799 2831 918 2885 Scbmid.
936 2830 971 2884 ad
989 2829 1055 2883 llor.
1073 2827 1146 2897 Epp.
1164 2824 1199 2881 11.

156 2914 302 2980 1161-
320 2919 353 2966 ot
368 2912 402 2976 Q.
426 2913 570 2982 Velocius]
588 2913 657 2987 baec
674 2923 715 2968 est
732 2916 848 2968 Victorii
866 2924 893 2969 et
905 2914 1031 2968 'lurnebi
1042 2896 1200 2971 coniectura
1279 2962 1281 2969 ,

158 2988 356 3052 lecentioribus
379 2998 439 3051 iure
461 2997 591 3067 probata,
618 3000 682 3066 quia
704 2998 770 3053 nibil
790 3001 917 3053 usitatum
939 3014 1019 3066 quam
1038 3014 1074 3051 ex
1094 2995 1200 3059 Quinti

158 3081 344 3154 praenominis
361 3078 523 3150 compendio
542 3079 606 3137 fieri
624 3100 679 3153 que
697 3091 725 3136 et
741 3100 831 3152 poue,
853 3083 982 3140 ubtuli.
999 3082 1036 3135 ad
1047 3080 1109 3139 Liv.
1122 3076 1198 3134 XXI.

156 3168 203 3233 31,
223 3167 247 3221 7.
273 3163 500 3230 ΧΧ111.13,18.
537 3172 626 3234 atque
643 3167 770 3221 velocius
793 3168 918 3237 plerique
942 3157 1022 3220 coti.
1047 3164 1108 3219 ald.
1128 3162 1197 3235 lunt.

157 3253 229 3306 ctat.
249 3251 331 3307 Corn.
349 3249 428 3304 Man.
461 3254 550 3318 atque
572 3248 704 3305 Velocius
718 3259 744 3320 β.
775 3258 864 3324 atque
881 3251 1021 3304 velociter
1036 3247 1086 3319 bg.
1099 3245 1141 3299 16.
1155 3244 1199 3302 21.

157 3335 198 3393 36,
213 3336 254 3389 35.
271 3336 313 3390 65.
329 3334 370 3388 70.
386 3334 427 3388 76.
445 3333 487 3387 84,
520 3340 607 3402 atque
625 3353 662 3389 ea
679 3353 754 3406 picae
771 3336 900 3390 velocius
917 3334 959 3388 11.
979 3333 1040 3388 edd.
1059 3330 1200 3399 antiquiss.

158 3427 244 3488 atque
266 3436 303 3471 eo
324 3435 399 3488 quoe
422 3417 561 3471 velociter
586 3411 646 3472 67.Ι
664 3437 757 3490 oeque
781 3416 910 3474 velocius
938 3418 980 3472 81.
1017 3423 1107 3487 atque
1123 3430 1200 3487 poet·

157 3503 285 3556 uelocius
303 3502 354 3556 Gn.
368 3502 392 3555 l.
421 3508 455 3554 at
475 3500 510 3566 Q.
532 3502 676 3557 Vettonica
694 3504 763 3557 liber
777 3504 872 3557 nescio
891 3503 950 3571 quis
963 3501 1063 3555 Ursini.
1088 3498 1199 3554 Nomen

158 3585 273 3639 bominis
290 3585 377 3638 latere
393 3594 496 3640 certum
510 3587 634 3650 videtum
652 3588 680 3641 in
697 3588 791 3658 ignoto
808 3603 902 3640 errare
920 3595 949 3640 et
961 3600 1077 3657 pronum
1090 3592 1132 3637 est
1147 3597 1200 3636 nec

158 3669 249 3723 refert.
266 3696 301 3711 ·-
325 3668 422 3741 apud]
441 3676 516 3741 aput
533 3669 582 3741 ng.
602 3670 644 3725 32.
661 3699 697 3712 -
723 3674 816 3725 cuivis
833 3674 909 3731 satis
926 3671 1026 3744 asper]
1047 3671 1118 3723 eicie
1136 3665 1198 3720 edd.
1274 3708 1277 3711 .

157 3744 306 3826 pleraeque
325 3761 392 3808 vett.
411 3763 474 3808 ante
492 3753 668 3821 Lambinum,
688 3764 716 3808 et
731 3754 782 3826 Lg.
803 3763 914 3825 praeter
932 3755 957 3810 3.
978 3754 1018 3808 16.
1037 3754 1076 3809 17.
1096 3751 1138 3807 20.
1154 3749 1197 3805 21.

156 3837 423 3894 *1131666666
438 3837 479 3892 70.
494 3839 535 3893 73.
550 3839 603 3906 sl„
619 3840 647 3893 in
666 3856 780 3909 quorum
798 3849 889 3897 tomen
906 3849 998 3911 parte,
1015 3847 1045 3894 ut
1062 3839 1090 3893 in
1107 3834 1159 3890 Gn.
1174 3833 1197 3888 l.

141 3933 196 3978 ‚est
215 3927 313 3988 euicta,
332 3922 461 3986 civibus,
482 3927 590 3977 causis.

162 4052 165 4056 r
240 4007 281 4063 81.
318 4007 461 4079 quotidie]
495 4008 625 4062 cottidie
652 4009 702 4082 bg.
731 4010 773 4065 65,
797 4037 834 4052 ·-
872 4007 1017 4080 scenicus]
1048 4004 1199 4059 scaenicus

155 4092 204 4162 bg.
221 4092 265 4149 65.
283 4123 318 4134 -
344 4083 533 4147 commodum
551 4120 586 4134 -
599 4100 693 4165 poter
707 4093 858 4179 familias]
875 4093 945 4146 baec
961 4107 1015 4159 om.
1033 4087 1084 4157 bg.
1104 4084 1145 4137 14.
1163 4110 1198 4122 -
