2958 4584
400 283 458 349 DE
486 281 713 352 othlone
739 282 864 350 Lmen
885 283 922 351 ll.
945 286 975 350 6.
1122 287 1219 359 m

83 486 85 496 ·
169 475 240 525 cum
267 472 386 523 rosen
410 452 486 519 urbe
511 462 658 539 tanquam
687 454 840 521 euinclis
869 452 1090 521 euolaoiseent.
1111 425 1124 439 ’
1143 450 1213 518 Non

172 575 275 641 audeo
297 574 405 640 dicem
421 571 458 636 de
473 570 590 637 talibus
605 573 692 648 viris,
715 571 892 636 sedtamen
913 573 958 636 ita
979 571 1060 638 solet
1081 582 1213 639 narrare

175 690 331 757 Scaevola
362 686 498 757 conchas
533 707 589 753 eos
620 698 651 753 et
682 687 848 755 umbilicos
876 688 916 753 ad
945 686 1088 755 Caietam
1114 697 1145 753 et
1170 687 1212 753 ad

174 806 359 875 Laurentum
389 806 497 890 legere
535 788 727 871 consuessex
744 815 775 872 et
806 806 847 870 ad
878 826 1000 872 ornnem
1033 794 1128 872 animi
1160 825 1212 873 rc·

172 929 349 991 missionem
370 923 538 1007 ludumque
560 922 761 988 descendere.
804 923 856 988 23.
884 920 940 988 Sic
962 924 1044 988 enirn
1066 942 1118 988 res
1141 942 1214 988 sese

169 1042 277 1118 habet,
304 1050 357 1118 ut,
379 1058 470 1125 quem
493 1040 534 1105 ad
555 1040 679 1104 modurn
698 1040 999 1107 uolucris-videmus
1020 1043 1214 1127 procreatio·
1236 1096 1245 1126 ,

85 1230 87 1233 ,
169 1162 219 1226 nis
252 1169 345 1245 atque
379 1157 521 1224 utilitatis
553 1177 630 1222 suae
661 1177 760 1223 causa
787 1157 936 1243 effingere
967 1168 998 1223 et
1028 1160 1216 1231 constituere

134 1274 137 1284 '
167 1278 274 1355 nidos,
311 1275 441 1341 easdem
471 1285 589 1352 eutem,
628 1294 698 1340 cunr
725 1275 845 1361 aliquid
877 1275 1051 1354 effecerint,
1086 1275 1214 1342 levandi

166 1394 290 1461 laboris
313 1394 363 1457 sui
385 1410 484 1456 causa
502 1393 621 1477 passim
644 1412 683 1479 ae
702 1392 803 1457 libere
826 1392 945 1458 solutas
961 1412 1054 1479 opere
1070 1392 1213 1470 volitare,

167 1515 223 1578 sic
238 1511 340 1576 nostri
363 1510 460 1574 animi
484 1511 621 1592 negotiis
643 1506 828 1592 *forensibus
855 1518 947 1592 atque
973 1508 1092 1575 urbano
1119 1530 1213 1596 opere

166 1629 293 1695 delessi
315 1626 453 1709 gestiant
475 1643 514 1688 ac
528 1624 661 1689 vohtare
685 1625 810 1710 cupiant
829 1626 922 1690 uacui
944 1644 1020 1689 cura
1042 1645 1080 1690 ac
1094 1625 1215 1692 labore.

168 1743 225 1810 24.
251 1741 361 1827 ltaque
388 1740 482 1818 illud,
512 1760 572 1825 ego
595 1741 678 1826 quod
703 1743 736 1805 iu
757 1760 856 1806 causa
878 1728 1017 1805 Cinniana
1038 1739 1215 1808 Scaevolae

170 1861 252 1938 dixi,
279 1879 344 1926 nou
370 1859 434 1924 dixi
456 1878 610 1957 secusac
632 1857 815 1923 sentiebam.
840 1855 964 1936 ,Nam
986 1859 1236 1944 si,“'inquam,'

171 2094 219 2148 24:
233 2090 337 2149 33:36.
356 2090 398 2147 69.
417 2090 458 2146 93.
477 2090 547 2146 vict.
568 2090 620 2147 Gu.
640 2091 665 2146 3.
701 2109 764 2145 cccc
785 2089 971 2162 praeterea'3.
992 2090 1032 2146 16.
1054 2092 1093 2147 17.
1111 2091 1153 2146 20.
1171 2093 1213 2149 at.

171 2178 214 2232 35.
239 2178 281 2231 67,
300 2178 342 2231 73.
361 2175 403 2230 76.
427 2176 471 2230 81.
493 2177 535 2231 et.
560 2177 603 2231 86.
634 2176 685 2231 Gu.
709 2177 733 2230 9,.
769 2195 818 2230 res
840 2195 871 2229 sc
894 2175 982 2230 babet
1004 2179 1107 2232 dcorr.
1136 2186 1165 2232 ut
1189 2179 1215 2232 6.

171 2262 282 2316 illorum
301 2261 408 2329 quidam
426 2278 458 2313 oc
475 2278 507 2313 sc
525 2262 640 2316 divisim.
658 2291 692 2306 -ν
713 2260 852 2331 volucris]
870 2262 934 2314 dedi
950 2259 1049 2331 ex'Lg.
1061 2263 1104 2316 36.
1124 2262 1175 2316 Gu.
1190 2261 1215 2316 3.
1290 2322 1295 2331 ,

173 2345 301 2415 voluteris
317 2344 369 2409 la,
387 2345 461 2413 quod
474 2345 572 2398 eodem
583 2347 661 2399 redit.
671 2340 707 2386 —'
724 2340 911 2416 effimqerc‘et
923 2336 1102 2399 constituere
1116 2345 1216 2416 nidos]

174 2430 216 2483 sic
233 2424 372 2498 vulgatum
394 2428 504 2499 fiayere
524 2436 553 2482 et
572 2428 739 2483 construere
757 2430 845 2483 nidos
868 2430 972 2483 mutavi
995 2420 1143 2481 secundum
1164 2428 1216 2499 lig.
1280 2430 1282 2435 ⁴
1376 2418 1380 2431 *

174 2530 272 2567 omnes
295 2504 417 2582 praeter'
425 2513 483 2578 81„
507 2522 534 2567 et
551 2514 603 2568 Gn.
621 2498 657 2570 3.λ
682 2519 859 2568 constituere
878 2531 904 2583 p.
925 2529 984 2566 var.
1004 2521 1046 2565 est
1063 2513 1091 2565 ln
1108 2512 1150 2567 81.
1188 2512 1217 2567 lu

174 2596 344 2668 effingendo
364 2598 435 2650 inest
451 2598 579 2651 solertiae
597 2608 625 2657 et
641 2598 750 2655 artificii
767 2595 939 2669 significatio.
975 2596 1032 2650 Sed
1049 2597 1114 2650 vide
1132 2597 1166 2650 ad
1183 2595 1217 2652 ll.

173 2681 355 2749 33144-
384 2681 489 2753 causa]
511 2683 728 2755 9461161133
749 2683 851 2736 beorr.
875 2680 1155 2736 lecatorem.
1180 2683 1219 2735 ita
1266 2676 1269 2687 ¹

173 2764 233 2822 var.
250 2766 293 2821 33.
308 2794 344 2807 —-
361 2771 486 2838 aeyottts
501 2766 684 2839 forensibus]
703 2769 742 2822 sic
759 2767 893 2838 ponendis
912 2765 1005 2843 verbis
1021 2783 1080 2819 cam
1093 2770 1220 2838 χιιισμοῦ

173 2850 262 2923 figura
279 2861 389 2905 secutus
407 2869 465 2905 sam
482 2851 532 2923 Lg.
549 2854 574 2907 ⁸2.
587 2853 611 2908 3.
631 2855 656 2907 4.
675 2852 701 2905 6.
720 2850 816 2906 1314.
835 2852 878 2927 ld.
897 2843 939 2905 32}
958 2850 1005 2905 36.
1017 2852 1059 2906 67.
1081 2853 1132 2906 Gn.
1147 2851 1170 2906 3.
1183 2882 1219 2894 ·-

174 2953 212 2990 ac
225 2935 336 3006 labore]
354 2938 394 2989 sic
408 2938 459 2990 mei
479 2954 583 2991 omnes.
606 2937 693 2992 Gron.
712 2937 779 2991 Era.
801 2944 896 3007 atque.
910 2932 945 2978 έ-
964 2934 1029 2989 Oura
1044 2937 1070 2989 in
1083 2938 1219 3008 principio

173 3022 328 3075 sentcntiae
353 3021 502 3074 secundum
532 3039 627 3074 omnes
651 3022 737 3076 libros
763 3022 869 3094 legatur
898 3027 934 3074 ut
958 3020 1219 3090 quaemadmodum,
1252 3042 1256 3053 .
1390 3088 1394 3097 .

175 3105 249 3174 quod
274 3122 334 3158 cunr
352 3105 528 3175 sequentibus
550 3123 606 3159 non
629 3116 704 3160 recte
726 3108 869 3173 convenit,
892 3106 1039 3159 Lambinus
1055 3113 1091 3159 ut
1107 3107 1220 3172 delevit,
1320 3162 1323 3169 ,

174 3189 390 3243 Hearicbsenias
409 3189 555 3244 Ernestum
571 3200 682 3245 secutus
702 3192 806 3244 uncinis
823 3191 937 3244 inclusit.
970 3189 1019 3243 Gari
1038 3208 1093 3243 non
1111 3191 1220 3245 videtur

174 3273 360 3328 anacoluthon
387 3272 452 3328 ferri
476 3293 558 3345 posse
589 3276 616 3328 in
640 3277 776 3329 sententia
800 3275 941 3342 ceteroqui
967 3275 1019 3327 rite
1043 3266 1221 3344 procedente,

175 3375 329 3429 quanquam
350 3359 388 3412 ita
405 3359 492 3412 visum
512 3359 648 3414 Matthiae
668 3362 695 3416 in
715 3360 802 3413 Wolf.
820 3360 908 3413 duell.
928 3357 961 3412 11.
980 3358 1022 3412 36.
1059 3356 1221 3413 Gernlrardo

175 3451 203 3496 ct
221 3442 326 3496 Beiero
344 3443 380 3497 ad
399 3442 453 3498 oh.
473 3443 518 3497 tlt.
537 3445 582 3510 10,
600 3445 657 3511 45.,
681 3446 764 3516 longe
785 3443 884 3498 rectius
909 3460 967 3495 cum
984 3442 1103 3496 Pearcio
1121 3444 1222 3498 scribet

174 3531 306 3598 aestimat
323 3537 351 3581 et
368 3533 498 3600 capiant.
534 3528 609 3594 Hoc,
630 3547 690 3589 cum
708 3529 788 3585 codd.
806 3529 893 3583 Paris.
912 3528 992 3598 Regii
1011 3529 1079 3581 7704
1098 3537 1125 3582 et
1143 3530 1220 3584 7753.

81 3646 84 3655 .
175 3611 339 3677 exhibeant,
364 3612 539 3666 Schuetzium
562 3612 728 3667 Muellerum
753 3624 781 3668 et
805 3612 939 3669 Orelliunr
964 3623 1074 3688 secutus
1096 3613 1222 3684 recipere
1292 3645 1302 3657 .

175 3713 231 3749 nou
248 3696 379 3755 dubitavi.
415 3696 563 3751 Permultis
588 3699 660 3751 enirn
676 3699 744 3752 locis
765 3699 913 3753 verborum
934 3692 1011 3752 modi⁴
1026 3695 1130 3751 confusi
1150 3706 1222 3766 saint,

175 3776 327 3850 particulae
345 3787 379 3836 at
395 3782 575 3835 inculcandae
593 3799 678 3837 causa
693 3776 866 3839 idoneannn
883 3774 1027 3854 reperitur.
1056 3782 1087 3835 ld
1104 3782 1223 3852 probare

175 3866 259 3919 video
290 3866 371 3919 etiam
399 3866 532 3938 elegantis
556 3866 648 3922 iudicii
672 3869 761 3923 virum
784 3868 919 3922 [lendium
943 3867 979 3921 ad
1001 3867 1107 3937 Wopk.
1132 3866 1221 3923 Lectt.

175 3948 247 4003 Tull.
266 3968 293 4020 p.
312 3950 372 4007 403.
1058 3962 1060 3966 ‘
1212 3960 1216 3968 “

262 4034 306 4089 m.
342 4053 394 4106 eqo
420 4036 520 4106 quod]
549 4037 589 4090 slc
617 4038 671 4091 iam
693 4037 806 4103 Lamb,
836 4053 951 4105 euinque
979 4050 1079 4101 sequor
1109 4034 1225 4101 prolatet·

132 4152 137 4161 -
176 4121 368 4174 auctoritatem
384 4120 435 4192 Lg.
451 4120 476 4177 ⁸2.
491 4122 515 4176 4.
530 4121 555 4175 o.
570 4122 610 4178 13.
622 4124 664 4177 hl.
681 4121 717 4177 32
728 4138 798 4174 com.
817 4122 861 4175 36.
880 4120 932 4173 Gn.
946 4119 970 4170 3.
995 4131 1048 4184 eqo
1066 4131 1118 4166 orn.
1139 4114 1178 4164 la.
1189 4120 1225 4150 ὲ

976 4214 1017 4274 13
