2942 4608
245 286 372 363 m
664 278 922 350 oronnoms

262 452 321 519 sed
340 470 436 539 prope
464 450 503 516 de
529 450 663 543 vulgati
682 460 712 516 st
734 450 889 519 communi
909 447 1075 546 prudentia
1101 436 1311 537 disputabam.
1411 506 1421 517 .

185 570 192 577 “
260 567 301 635 Ut
329 567 411 655 apud
436 566 578 634 Graecos
605 556 703 632 icitur
728 550 908 632 incredibili
934 567 1070 653 quadam
1096 570 1313 652 magnitudine

246 685 391 754 ⁴consilii
418 693 510 771 atque
532 685 658 767 ingenii
685 683 889 749 Atheniensis
921 682 976 749 ille
1003 683 1103 749 luisse
1131 682 1313 752 Themisto-

265 801 349 879 cles3
372 801 413 867 ad
432 819 523 885 mem
539 800 671 885 'qnidam
693 799 802 865 doctus
824 799 917 867 homo
936 810 1031 885 atque
1054 802 1088 867 in
1109 801 1216 886 primis
1237 822 1313 867 eru-

160 897 162 901 ¹
265 917 347 983 ditus
361 918 548 1009 'accessisse
571 916 684 982 dicitm
706 917 797 1000 eique
820 902 1123 1013 artemmemoriae,
1146 936 1227 1001 quae
1247 927 1314 983 hum

258 1035 396 1121 primum
421 1030 838 1118 proferebatur,.pollioitus
866 1014 997 1098 essese
1017 1030 1219 1112 traditurum¹
1242 1054 1315 1101 cum
1411 1017 1424 1031 ⁸

265 1148 322 1216 ille
349 1151 527 1234 quaesisset
554 1148 701 1234 quidnam
727 1147 786 1213 illa
814 1167 867 1215 ars
882 1146 1021 1245 eiicere
1040 1159 1166 1242 posset,
1193 1149 1313 1217 dixisse
1356 1187 1358 1197 .

267 1265 541 1341 illuminatorem,
562 1274 595 1329 ut
610 1265 720 1329 omnia·
737 1266 947 1342 meminissem
967 1274 1000 1330 et
1020 1266 1051 1330 ei
1068 1263 1314 1333 Themistoclem

266 1381 470 1468 respondisse
496 1382 618 1464 gratius
640 1381 704 1453 sibi
724 1379 812 1451 illum
834 1400 906 1446 esse
928 1380 1094 1458 iacturum,
1121 1384 1151 1447 si
1172 1401 1208 1449 se
1231 1383 1315 1451 ohli-
1359 1402 1364 1413 ·

248 1499 347 1584 ,visci
365 1515 445 1585 quae
461 1480 566 1575 vellet,
589 1516 682 1584 quam
704 1499 732 1566 si
754 1499 934 1564 meminisse
951 1496 1120 1563 docuisset.
1163 1500 1235 1566 etit.
1257 1499 1314 1567 Vi-

270 1728 312 1784 ei.
326 1728 368 1783 35.
386 1727 429 1784 36.
446 1728 488 1784 65.
507 1728 549 1784 ot.
569 1729 611 1784 76.
628 1729 671 1784 81.
690 1729 734 1785 86.
762 1728 814 1784 Ga.
828 1729 852 1785 3.
890 1726 1063 1799 Optimorom
1081 1729 1163 1800 igliur·
1179 1730 1254 1783 solus
1265 1730 1312 1786 13.

269 1830 365 1866 veram
382 1813 543 1882 scripturam
560 1814 689 1869 servavit.
708 1841 744 1854 -
764 1813 937 1886 prudentia]
956 1814 1058 1885 linpaa
1075 1812 1164 1868 Gna.
1184 1812 1234 1884 ng.
1248 1813 1272 1868 2.
1287 1816 1313 1870 d.

272 1896 313 1951 13.
332 1896 366 1949 32
384 1913 456 1950 corr.
480 1905 510 1950 ut
533 1896 557 1950 5.
581 1895 623 1948 36.
655 1897 818 1970 pmtdentia
842 1897 944 1968 linqua
967 1896 992 1951 5.
1016 1897 1057 1951 21.
1078 1897 1118 1951 76.
1149 1897 1314 1969 prudentia

269 1981 369 2050 lippae
392 1981 417 2034 6.
441 1978 489 2032 69:
505 1978 549 2033 93:
574 1979 666 2053 ¹liapa
682 1982 708 2034 3.
727 2007 763 2023 —-
792 1979 993 2053 disputabam.
1030 1980 1085 2048 Ut]
1108 1982 1148 2034 sic
1169 1983 1315 2037 emendavi

244 2082 247 2086 ⁸
269 2064 408 2133 vulgatum
433 2063 574 2135 (disputo.
611 2061 662 2129 Ut)
688 2079 723 2116 ex
745 2062 797 2134 Lg.
815 2064 840 2118 1.
867 2081 955 2132 eoque
979 2073 1007 2118 et
1030 2066 1166 2135 scriptura
1188 2067 1314 2133 codicum

271 2145 312 2201 13.
331 2145 373 2198 36.
398 2144 449 2200 Gu.
468 2144 510 2210 3.,
533 2146 579 2213 qui
598 2145 756 2219 disputata
773 2146 888 2214 habent,
912 2156 939 2202 et
958 2148 998 2202 15.
1016 2148 1074 2203 in·
1096 2142 1248 2221 dispata'ta
1265 2168 1313 2219 en-

268 2227 424 2282 hibentibus
448 2237 562 2298 spectat.
598 2228 702 2300 lnLg.
726 2229 750 2284 2.
783 2232 871 2285 altera
894 2248 988 2285 manns
1013 2228 1134 2286 correxit
1158 2232 1313 2304 disputata

270 2313 368 2366 attuli.
410 2310 448 2365 Ut
470 2330 521 2367 om.
540 2313 606 2367 VSt.
628 2313 706 2367 Cant.
724 2313 799 2368 Harl.
818 2315 840 2369 1.
863 2313 900 2369 Ζ]
908 2334 929 2369 ε.
953 2314 1004 2369 Gn.
1019 2317 1043 2371 3.
1062 2324 1091 2368 et
1107 2316 1211 2370 delevit
1227 2317 1313 2372 Peer-

271 2388 351 2450 cins.'
373 2395 457 2453 Quod
480 2413 515 2448 ex
539 2398 600 2452 cod.
620 2396 677 2450 Erl.
704 2414 766 2451 sese
789 2399 932 2469 scripsisse
951 2398 1089 2453 ailimmant
1102 2398 1171 2453 —Sch
1192 2409 1219 2453 et
1235 2402 1311 2471 Harl.

143 2474 159 2489 '
269 2482 325 2542 ita,
344 2494 403 2545 cum
422 2480 509 2549 prima
525 2480 606 2534 litera
624 2498 706 2534 erasa
722 2482 766 2547 sit,
784 2484 947 2552 scripturam
965 2484 1122 2554 disputata
1137 2484 1245 2539 indicat.
1276 2484 1313 2540 Et

269 2571 345 2616 recte
358 2562 518 2616 observavit
532 2561 664 2616 Ernestus
674 2563 747 2625 <haec
765 2583 824 2618 cum
838 2566 1062 2620 antecedentibus
1079 2565 1313 2638 Crassipedem

198 2712 207 2721 ι
268 2642 441 2718 responsam
454 2647 644 2717 coniungenda
654 2664 730 2711 esse3
747 2647 958 2718 Themistoclem
973 2667 1033 2702 cum
1047 2649 1146 2704 Crasso
1160 2654 1313 2722 comparari

189 2744 191 2750 ⁸
225 2733 231 2745 ’
268 2720 453 2798 autumamque
462 2731 674 2799 comparationis
684 2731 773 2783 inesse
783 2733 810 2783 in
820 2731 876 2784 his:
889 2733 942 2785 sed
953 2748 1045 2803 aeque
1051 2741 1177 2807 propter
1188 2734 1244 2789 hoe
1252 2754 1310 2807 sqq.

269 2813 307 2882 (§.
322 2812 394 2879 360).
425 2812 587 2866 parenthesi
606 2831 661 2867 non
679 2821 720 2867 est
737 2831 823 2883 opos,
842 2831 895 2883 qua
911 2814 1043 2871 Ernestus
1060 2814 1156 2871 usurus
1174 2829 1239 2872 erat.
1277 2825 1314 2878 At

268 2888 375 2950 Bahhrs
385 2892 506 2961 liberius,
517 2905 547 2948 at
557 2896 584 2948 in
593 2897 740 2964 colloquio,
752 2904 870 2951 structae
878 2900 1009 2953 orationis
1020 2901 1160 2955 immemor
1169 2903 1257 2956 verba
1266 2906 1315 2960 illa

269 2978 323 3032 sed
339 2996 392 3050 epo
408 3006 444 3020 ·-
461 2979 581 3050 disputo
600 2979 816 3051 (disputabam)
834 2982 967 3035 eiicienda
984 2991 1069 3052 putat.
1087 3012 1122 3025 -
1145 2990 1176 3038 in
1188 2992 1312 3059 primis]

269 3064 424 3135 imprimis
439 3062 490 3133 Lg.
506 3062 545 3117 15.
561 3063 600 3117 17.
618 3062 661 3116 36.
673 3062 715 3117 stt.
730 3063 771 3117 76.
784 3064 826 3118 93.
847 3064 898 3118 Gn.
910 3066 935 3119 2.
948 3094 983 3107 -
1010 3070 1181 3136 accessisse]
1199 3071 1312 3129 adeess.

269 3144 321 3216 Lg.
341 3147 382 3201 70.
400 3145 442 3199 73.
462 3174 498 3187 ·-
516 3144 736 3219 proferebatur]
754 3147 949 3217 profitebatur
965 3148 1015 3219 Lg.
1035 3150 1076 3205 76.
1093 3179 1129 3193 ·-
1147 3153 1314 3227 pollicitor]

265 3230 438 3302 pollicitam
454 3228 523 3283 Vict.
546 3229 695 3284 (163.»-
722 3229 958 3299 Themistoclem]
978 3231 1190 3289 Themistoclea
1206 3237 1256 3309 Lg.
1270 3240 1313 3295 21.
1369 3266 1372 3271 ·

209 3327 211 3331 ·
270 3313 311 3367 70.
347 3311 555 3366 Themistoclen
570 3312 641 3366 vict.
666 3314 832 3367 ⁴Accusativi
850 3317 988 3369 nominum
1008 3320 1106 3373 tertiae
1124 3319 1313 3378 declinationis

270 3395 439 3449 Graecorum
456 3396 483 3448 in
498 3412 533 3447 ea
550 3394 622 3449 finiti
637 3396 753 3450 inlibris
767 3399 1047 3468 saeperepeniuntur,
1066 3417 1131 3456 raro
1146 3412 1236 3459 tamen
1251 3425 1314 3460 con·

270 3475 376 3531 stanter
394 3486 442 3530 aut
460 3479 488 3530 in
507 3480 648 3532 meliorum
668 3480 823 3549 plerisque3
846 3480 1091 3553 distinguendaque
1109 3488 1190 3541 etiam
1206 3491 1315 3544 nomina

269 3560 352 3630 quale
376 3559 503 3615 Periclis
528 3570 570 3615 est
591 3563 636 3614 vel
658 3561 884 3629 Demosthenis,
910 3575 938 3619 et
962 3570 1178 3638 patronymicum
1201 3573 1315 3628 formam

271 3660 338 3715 prae
362 3662 392 3698 se
414 3644 545 3710 fetentia,
568 3654 598 3697 ut
614 3636 793 3718 Euripides,
820 3651 929 3717 aliaque
949 3649 1063 3708 Graecis
1085 3654 1151 3722 ipsis
1173 3656 1200 3709 in
1218 3662 1254 3723 523¹
1276 3658 1315 3711 in·

271 3728 386 3794 climata,
404 3735 434 3780 ut
451 3726 616 3792 Isocrates,
639 3729 919 3802 Thalas,'praeterea
937 3734 1017 3786 etiarn
1036 3752 1107 3803 quae
1124 3754 1183 3791 eam
1201 3741 1314 3795 formam

270 3811 388 3880 apoetis
407 3811 482 3879 quasi
500 3812 647 3881 legitimam
661 3813 780 3880 trahunt,
800 3825 830 3868 nt
848 3813 957 3870 Ulixes.
987 3816 1063 3871 litteo
1080 3836 1136 3873 non
1153 3824 1222 3876 satis
1237 3833 1315 3877 cante

272 3884 424 3947 tractarunt
444 3893 631 3963 Heusingerus
656 3896 692 3948 ed
715 3896 769 3949 cic.
790 3895 844 3950 06.
863 3897 884 3952 l.
902 3900 951 3964 to,
969 3899 994 3954 8.
1020 3909 1048 3953 et
1071 3901 1165 3970 1117,
1189 3905 1245 3973 ll.,
1270 3909 1315 3976 qui

148 3950 157 4024 s
270 3976 420 4028 inauditum
438 3978 589 4045 Σοφοκλῆν
606 3978 702 4029 Atticis
721 3976 844 4048 afflugit,
863 3997 915 4034 nec
932 3983 1138 4047 Reddimannus
1157 3987 1275 4045 Gramm.
1293 3989 1315 4044 i.

272 4072 299 4130 p.
317 4054 359 4112 76.
379 4066 435 4112 not.
454 4057 495 4110 48.
519 4056 581 4111 coll.
602 4076 628 4128 p.
645 4058 687 4113 48.
713 4068 769 4116 not.
787 4061 835 4128 28,
859 4065 1112 4143 ηεεᾞτοῐεοὴοτυε
1134 4073 1162 4125 in
1186 4089 1229 4145 ep.
1252 4074 1336 4151 erit.-
