2980 4602
1111 280 1131 313 D

287 406 299 427 Χ
404 330 463 399 nn
491 322 721 402 corrone
747 330 873 403 unna
894 333 918 406 ι.
939 334 994 405 n.
1117 325 1222 413 'ras

172 501 283 588 speeie
303 505 407 567 auum
429 486 601 568 differentis
623 501 702 568 duas
726 513 778 568 aut
794 503 892 590 pluris
914 474 1223 593 complectitur'per-

172 621 234 695 tis;
264 628 372 705 partes
398 629 501 685 auam
528 629 612 697 sunt,
645 639 726 706 quae
757 621 926 705 generibus
953 624 1009 701 iis,
1044 620 1223 709 exquibus

173 745 313 813 manant,
336 735 542 815 subiciuntur3
558 774 598 787 -
621 740 797 823 omniaque,
820 758 901 823 qnae
917 749 988 805 sunt
1000 739 1052 805 vel
1071 758 1222 824 generum

171 852 226 919 uel
247 852 381 939 partium
402 855 539 932 nomina,
562 852 793 920 definitionibus
815 875 909 942 tpnam
929 858 992 921 vinr
1013 855 1153 921 babeant
1174 866 1224 924 est
1309 909 1321 921 ,

173 970 416 1056 exprimendum.
471 968 529 1036 Est
561 972 644 1037 eninr
675 971 813 1039 definitio
846 991 954 1039 earnm
985 992 1107 1051 rerum,
1140 989 1222 1060 qnae

171 1089 337 1152 sabacius
358 1089 406 1153 rei
426 1090 586 1175 propriae,
613 1108 706 1175 pam
727 1089 855 1156 delinire
876 1089 1034 1167 volumus,
1060 1086 1167 1156 brevis
1190 1094 1222 1157 et

172 1205 410 1293 circumscripta
430 1207 586 1291 quaedam
607 1205 784 1293 explicatio.
827 1207 900 1274 196.
925 1206 1022 1274 Hisce
1044 1226 1106 1291 ego
1127 1206 1222 1273 rebus

173 1322 319 1410 exempla
333 1323 549 1407 adiungerem
571 1324 635 1389 nisi
652 1324 733 1410 apud
748 1344 827 1409 quos
841 1325 921 1391 haec
934 1323 1104 1391 haberetur
1120 1321 1222 1391 oratio
1255 1370 1257 1375 -

172 1459 367 1506 cernerem
395 1436 490 1506 Nunc
522 1427 713 1527 complectar
745 1440 828 1526 quod
852 1444 1000 1527 proposui
1030 1441 1129 1507 breui.
1184 1438 1222 1506 Si

171 1559 260 1622 enim
282 1566 337 1622 aut
360 1554 436 1621 mihi
458 1556 565 1641 lacere
587 1557 727 1632 licuerit,
754 1557 925 1640 quodiam
947 1557 1000 1622 diu
1022 1557 1141 1643 cogito,
1169 1566 1223 1625 aut

173 1673 262 1741 alius
294 1674 449 1758 quispiam
482 1683 535 1737 aut
566 1692 615 1737 me
648 1672 795 1758 impedito
827 1674 985 1758 occuparit
1017 1683 1070 1737 aut
1101 1684 1221 1741 mortuo
1291 1660 1294 1680 '

141 1779 147 1785 ’
173 1788 392 1873 eliecerit‚ut
415 1791 547 1876 primurn
573 1810 664 1856 omne
691 1791 741 1854 ius
769 1787 862 1855 ciuile
889 1787 922 1854 in
943 1796 1067 1874 genera
1090 1787 1223 1875 digerat,

172 1928 257 1996 quac
278 1926 438 1995 perpauca
464 1917 548 1985 sunt,
577 1906 690 1972 deiude
711 1926 818 1972 eorum
840 1924 990 1991 generum
1012 1907 1104 1992 quasi
1125 1924 1222 1993 puae·

67 2054 71 2065 ·
175 2026 248 2092 darn
273 2023 414 2097 membra
436 2024 613 2114 dispertiat,
638 2035 702 2090 tum
722 2026 879 2111 propriam
906 2025 1056 2110 cuiusque
1076 2026 1140 2091 um
1165 2023 1221 2091 de-

176 2240 270 2296 addito
285 2241 534 2311 fortitavocabulo
552 2239 724 2296 tolerabilior
740 2238 800 2308 flat,
819 2240 897 2296 velut
915 2237 950 2294 de
968 2235 1026 2295 luv.
1043 2234 1077 2293 11.
1095 2238 1121 2294 9.
1143 2234 1220 2300 Cael.

176 2324 267 2391 8,19.
302 2325 342 2378 Ut
362 2325 421 2392 bic,
446 2326 485 2379 ita
507 2325 695 2381 emendandus
711 2325 788 2379 locus
812 2335 853 2381 est
871 2324 917 2379 111.
938 2323 985 2391 18,
1002 2324 1044 2379 68.
1070 2339 1123 2377 uec.
1141 2323 1223 2375 aliter

162 2407 353 2461 „statuendum
375 2408 410 2460 de
432 2407 483 2463 Or.
503 2410 549 2475 11,
568 2412 626 2477 17,
653 2409 717 2463 (1ιιιιι
738 2411 821 2464 modo
847 2410 957 2463 codices
982 2407 1076 2478 plures
1094 2413 1224 2460 acerrume

177 2491 297 2561 inspecti
317 2499 465 2545 exstarent.
480 2522 517 2533 —
541 2493 733 2562 subiciuntur]
754 2494 849 2563 scripsi
872 2491 1022 2545 seeundum
1045 2489 1095 2559 [ις.
1116 2488 1158 2542 13.
1179 2489 1221 2544 11.

179 2576 221 2632 15.
248 2575 288 2631 ld.
303 2577 355 2630 17.
379 2574 420 2629 39.
445 2575 487 2631 ld.
512 2576 547 2632 39
563 2595 632 2634 corr.
657 2579 702 2635 65.
722 2577 766 2632 69.
789 2577 832 2631 79.
852 2576 894 2630 73.
920 2569 1022 2628 7686.
1050 2573 1101 2625 Gn.
1119 2572 1145 2624 3.
1181 2570 1224 2626 lte.

77 2680 87 2693 ⁸
176 2660 269 2715 solent
288 2660 504 2713 emendatiorum
521 2678 631 2733 semper
651 2664 750 2733 aliqui,
776 2661 854 2717 velut
870 2648 905 2713 de
922 2657 1057 2712 Suetonio
1081 2657 1157 2709 testis
1182 2663 1224 2709 est

179 2743 306 2800 Oudend.
332 2745 368 2799 ad
391 2746 467 2799 Suet.
487 2745 570 2801 Caes.
590 2746 632 2802 51.
661 2737 814 2817 quanquam
835 2744 961 2799 vitiosum
988 2741 1161 2806 existimans,
1187 2738 1223 2794 de

178 2828 313 2888 Cicerone
330 2829 516 2901 Heusingerus
535 2831 570 2884 ad
588 2829 644 2886 Od'.
664 2831 684 2887 l.
703 2833 746 2898 11,
768 2831 824 2896 11.,
844 2829 879 2883 de
898 2828 958 2881 aliis
975 2826 1084 2881 conius
1101 2826 1137 2879 ad
1154 2823 1223 2881 Sall.
1294 2824 1301 2831 ”

178 2913 381 2983 corripiat.
416 2913 492 2968 ldenr
517 2916 546 2969 ln
566 2913 687 2971 Oratore
705 2915 844 2970 Ciceronis
869 2929 954 2982 saepe
977 2910 1099 2965 oblatum
1123 2929 1141 2965 a
1160 2907 1222 2966 cod.

178 2996 270 3053 Viteb.
291 2999 397 3068 sprevit
415 2998 558 3070 Meyerus„
594 2999 650 3052 lom
674 3015 708 3053 ea
731 3000 767 3053 de
790 3015 872 3052 causa
893 2995 1008 3050 adicere
1033 3004 1061 3049 et
1083 2994 1222 3058 abiicere,

178 3085 312 3137 conicere
326 3091 353 3136 et
368 3082 523 3147 conticere,
543 3083 658 3137 obicere
675 3092 702 3137 et
716 3083 843 3137 obticere
856 3082 932 3136 iuxta
946 3080 1057 3136 tolerari
1073 3078 1223 3149 oportebit,

176 3166 254 3236 quod
271 3176 387 3236 utroque
408 3176 520 3221 utuntur
536 3172 652 3238 potitae3
671 3168 775 3235 altero,
791 3184 851 3220 curn
869 3164 1018 3236 producta,
1039 3163 1142 3230 altero,
1162 3177 1223 3215 curn
1310 3182 1316 3189 ⁸

178 3260 308 3321 correpta
329 3251 435 3322 syllaba
454 3269 525 3322 opus
544 3262 601 3316 est3
624 3268 651 3306 v.
672 3251 777 3305 Lucan.
795 3249 870 3304 Vlll.
888 3248 947 3305 796.
982 3245 1055 3302 Nam
1075 3246 1159 3317 patulo
1177 3261 1224 3299 ca·

176 3335 259 3389 lidius
276 3336 413 3389 Wunderi
431 3336 570 3390 decretum
590 3336 728 3406 pleniores
745 3335 847 3388 fortnas
872 3335 899 3387 in
921 3331 1001 3385 codd.
1018 3347 1151 3398 nusquam
1167 3326 1225 3400 legi

177 3416 338 3488 prudenter,
357 3428 386 3472 ut
402 3421 489 3486 solet,
507 3417 651 3491 castigavit
667 3417 819 3473 Freundius
836 3419 871 3472 ad
889 3414 944 3472 Cic.
964 3434 991 3486 p.
1009 3413 1070 3467 Mil.
1089 3433 1116 3485 p.
1130 3412 1173 3468 35.
1186 3441 1223 3454 ·-

179 3502 412 3572 definitionibus]
426 3504 468 3558 bis
481 3505 535 3558 boc
546 3503 654 3574 (diffie.
667 3502 808 3574 scriptum)
823 3501 924 3573 quippe
938 3497 1018 3553 etlam
1031 3504 1095 3552 ante
1108 3496 1223 3561 emato-
1251 3544 1268 3557 ,.

179 3604 234 3659 pue
252 3586 370 3658 positum
385 3587 467 3644 habet
486 3590 588 3656 (16.3,
607 3589 733 3656 idemque
752 3605 812 3640 curn
828 3587 879 3657 Lg.
892 3583 1014 3666 pluribus
1033 3587 1135 3637 omnio
1152 3597 1223 3653 que·

179 3674 235 3742 pete
253 3690 304 3741 pro
317 3676 480 3743 ‘omniaque
498 3691 581 3744 puae.
599 3701 635 3713 —-
654 3667 795 3739 babeant]
814 3669 921 3723 leodem
936 3664 986 3739 bg.
1004 3664 1046 3721 69.
1063 3694 1099 3709 ·-
1120 3682 1224 3720 aarum

178 3757 290 3823 rmum]
301 3753 305 3767 “
316 3755 461 3812 inv.·Vict.
484 3767 512 3812 et
532 3758 582 3830 Lg.
601 3754 692 3823 xtX„
721 3772 834 3824 quornm
857 3759 919 3807 sunt
935 3752 978 3805 13.
994 3751 1037 3804 33.
1055 3750 1098 3805 35.
1115 3749 1159 3805 36.
1179 3749 1222 3808 95.

179 3842 222 3896 67.
242 3839 285 3895 69.
307 3840 348 3895 79.
372 3844 413 3898 73.
435 3840 477 3898 76.
497 3842 539 3898 81.
559 3870 595 3883 -
624 3839 863 3912 dracmsmtpta]
889 3839 1103 3907 circumspecte
1126 3833 1179 3891 Gu.
1196 3835 1223 3891 3.

177 3942 234 3979 non
252 3927 366 3995 inepte.-

238 4072 243 4090 ι
268 4043 325 4099 199.
359 4042 430 4113 epo]
446 4057 515 4113 erpo
537 4038 588 4113 Lg.
607 4039 633 4096 3.
651 4041 676 4096 1.
700 4037 848 4095 beornd.
867 4033 1002 4091 bimo.
1021 4032 1222 4088 6666769.

179 4126 223 4182 81.
240 4155 277 4169 ν-
302 4126 389 4182 orest.
418 4124 458 4200 83
474 4126 566 4193 caim]
589 4124 683 4180 brenta
706 4127 786 4177 enlm
809 4121 861 4175 Gn.
882 4120 907 4173 3.
926 4143 962 4159 ··-
990 4118 1052 4167 tam
1073 4111 1139 4175 mul
1161 4114 1225 4161 Μ’

827 4225 837 4233 ’
991 4216 1014 4275 9
