2968 4596
421 343 481 410 DE
511 343 740 413 ORATORE
768 345 893 413 LIBER
915 346 937 414 l.
962 347 991 416 7.
1182 352 1231 421 11

173 527 310 583 senatus
344 516 529 581 auctoritate
562 525 725 602 susceptus
756 515 885 600 infringi
917 517 981 581 ianr
1010 514 1231 604 debilitarique

176 635 353 710 videretur,
381 634 445 698 dici
472 631 547 698 mihi
573 634 697 698 memini
723 622 866 699 ludorum
887 630 1098 700 Romanorum
1120 632 1232 701 diebus

176 751 218 816 L.
232 750 383 816 Crassum
405 751 498 836 quasi
521 749 691 834 colligendi
713 752 762 815 sui
785 770 885 816 causa
905 771 941 816 se
963 753 996 817 in
1017 749 1232 819 Tusculanum

178 869 375 947 contulisse;
396 869 524 934 venisse
544 867 669 944 eodem,
692 888 786 934 socer
807 869 876 933 eius
899 869 952 954 qul
973 868 1088 947 luerat,
1111 866 1232 948 (lullu-

178 989 250 1054 cius
274 985 438 1052 dicebatur
460 996 490 1050 et
513 983 557 1050 M.
573 984 728 1051 Antonius
750 984 843 1052 homo
866 996 897 1051 et
919 986 1121 1052 consiliorum
1143 989 1176 1077 in
1197 1006 1232 1053 re

71 1123 73 1126 ·
176 1105 310 1192 publica
337 1105 444 1170 socius
473 1114 503 1169 et
530 1120 651 1168 summa
678 1122 747 1169 cum
769 1090 889 1170 Craslo
916 1103 1130 1170 familiaritate
1157 1125 1232 1171 con-

177 1225 314 1288 iunctus.
358 1221 411 1286 23.
434 1217 584 1286 Exierant
606 1230 708 1286 autem
729 1241 799 1287 oum
819 1220 888 1308 ipso
905 1218 1024 1287 Crasso
1048 1219 1232 1289 adolescen-

175 1351 231 1405 tes
249 1350 279 1404 et
294 1331 390 1404 Drusi
411 1339 546 1403 maxime
569 1336 744 1404 familiares
767 1349 798 1405 et
819 1337 979 1425 inquibus
1001 1358 1149 1424 magnam
1170 1348 1234 1409 tun

177 1477 270 1545 spem
297 1457 435 1523 maiores
461 1465 539 1520 natu
564 1455 725 1540 dignitatis
753 1475 830 1521 suae
853 1455 1058 1522 collocarent.
1073 1453 1108 1522 G.
1132 1454 1232 1535 Cotta,

177 1576 325 1661 quitum
350 1573 539 1641 tribunatum
565 1572 668 1661 plebis
695 1572 834 1660 petebat,
861 1583 892 1639 et
916 1572 951 1639 P.
976 1572 1151 1663 Sulpicius,
1180 1577 1233 1662 qul

180 1798 299 1861 praeter
322 1785 372 1862 Lg.
393 1793 418 1846 4.
438 1789 481 1850 35.
501 1788 545 1847 93.
574 1790 627 1846 Gu.
647 1786 673 1845 3.
704 1802 839 1845 socerum
860 1786 1005 1861 supposita
1029 1790 1132 1844 lineola
1156 1788 1234 1862 cigno

183 1875 277 1929 mendi
294 1876 344 1929 salu
363 1894 414 1931 am
433 1877 472 1933 16.
492 1879 551 1944 (ii.⁹
573 1876 625 1930 suo
646 1884 705 1930 toto
726 1875 864 1930 vocabulo
882 1874 923 1931 76.
961 1891 1044 1928 socer
1061 1892 1132 1930 corr.
1153 1890 1233 1930 roce-

177 1978 250 2014 rum
266 1959 315 2032 Lg.
334 1962 375 2018 33.
413 1980 498 2016 socer
513 1962 618 2032 fuerat
635 1970 712 2014 recte
731 1960 782 2031 Lg.
797 1961 838 2016 76.
854 1960 897 2015 81.
917 1977 957 2031 pr.
971 1978 1005 2014 ιιι.
1024 1960 1074 2017 Gn.
1091 1959 1114 2016 1.
1150 1978 1234 2017 socer

177 2046 260 2099 etiarn
277 2045 420 2116 Lg.3.13.
441 2045 497 2102 01.
520 2045 626 2116 fuerat
644 2045 725 2098 etiarn
745 2045 795 2100 Gn.
809 2045 833 2101 3.
854 2045 904 2116 Lg.
917 2045 959 2100 93.
983 2049 1081 2099 sociae
1092 2073 1127 2087 —
1137 2044 1233 2116 snerll

178 2130 232 2184 Gn.
246 2131 270 2185 3.
304 2129 403 2201 faerit
420 2131 502 2184 etiam
519 2131 571 2201 Lg.
589 2130 613 2187 3.
637 2131 677 2185 17.
698 2129 741 2183 33.
762 2129 803 2184 36.
825 2131 863 2183 ita
879 2147 949 2185 corr.
962 2130 1004 2187 81.
1031 2129 1126 2185 Mead.
1141 2130 1231 2187 Gonu.

177 2213 255 2271 Harl.
277 2216 300 2274 l.
320 2215 344 2271 3.
367 2236 395 2286 y.
413 2213 471 2270 Erl.
493 2216 515 2270 l.
537 2215 613 2282 nrt..
635 2213 707 2268 unde
724 2212 857 2270 Pearcius
875 2217 901 2269 iu
919 2216 962 2269 ed.
982 2214 1006 2268 ll
1024 2216 1131 2286 scripsit
1149 2230 1234 2269 socer

177 2303 244 2352 eina
267 2302 333 2370 (pul
350 2298 446 2370 faerit
469 2298 502 2364 Q.
522 2298 654 2375 Mucias)
682 2301 812 2364 dicitar3
835 2301 862 2354 ln
884 2291 926 2355 ed.
947 2299 985 2353 lll
1007 2307 1034 2353 et
1053 2316 1113 2371 sqq.
1131 2315 1234 2355 'socer

175 2387 244 2437 eina
261 2388 314 2452 pai
330 2383 441 2452 faerno,
461 2382 496 2446 Q.
508 2381 627 2436 Muciae
644 2384 803 2440 dicebatur.
840 2384 871 2438 ln
889 2385 939 2456 Lg.
957 2385 996 2439 13.
1011 2383 1046 2437 33
1061 2384 1157 2454 fucrit
1173 2401 1233 2438 cor-

174 2474 288 2520 rectum
308 2484 326 2518 a
340 2484 376 2521 m.
396 2483 451 2519 sec.
470 2465 574 2534 fnisse.
609 2466 640 2520 ln
656 2467 705 2541 Lg.
723 2469 765 2525 67.
791 2469 872 2523 verbi
893 2470 971 2522 locus
992 2484 1095 2521 vacuus
1113 2476 1164 2523 est.
1201 2467 1232 2521 ln

177 2549 226 2603 93.
253 2550 420 2620 adscriptum
444 2550 472 2602 in
495 2550 614 2621 margine
648 2554 709 2619 „itu
736 2560 889 2607 correctum
914 2569 949 2604 ex
976 2552 1104 2618 antiqno,
1142 2559 1172 2602 nt
1196 2550 1233 2602 ait

174 2633 361 2705 (Barzizins‘l
377 2652 411 2687 an
425 2634 611 2706 Politiunnsl)
629 2638 714 2704 libro3
732 2655 816 2692 socer
829 2642 892 2690 eine
907 2634 960 2706 qul
970 2633 1094 2704 faerll.“
1119 2632 1234 2687 Fuerat

173 2739 193 2773 a
220 2719 338 2773 librariis
365 2728 393 2772 et
419 2720 568 2775 editoribus
593 2722 732 2793 plerisque
758 2740 812 2777 non
836 2722 1002 2774 intellectum
1030 2718 1072 2772 his
1096 2717 1232 2772 erroribus

174 2803 258 2875 origo
276 2804 334 2858 luit.
353 2821 380 2859 v.
395 2805 600 2876 explicationes.
625 2808 728 2861 'l'amen
746 2825 801 2861 non
819 2816 893 2861 certe
908 2804 1028 2859 deterius
1046 2803 1095 2876 ng.
1104 2804 1128 2860 3.
1148 2821 1232 2858 socer

174 2893 244 2942 eine
261 2893 314 2959 pal
328 2887 398 2958 fail.
416 2919 452 2930 ·-
486 2889 604 2945 Mutine
628 2890 678 2963 Lg.
699 2910 806 2958 omnes,
827 2892 879 2947 Gn.
901 2891 923 2946 1.
944 2892 969 2947 3.
990 2889 1024 2945 ul.
1183 2938 1186 2943 ⁴

281 2973 323 3029 35.
361 2974 512 3045 calerent]
536 2976 805 3048 cnicrantLg.16.
826 2978 866 3032 17.
885 2976 927 3031 73.
944 3004 980 3018 ν-
1016 2974 1230 3049 adolescentes]

173 3056 382 3112 adulescentes
407 3058 458 3131 Lg.
478 3060 502 3114 5.
522 3060 572 3137 30..
584 3060 628 3116 65.
649 3061 690 3116 73,
710 3060 743 3114 81
765 3078 833 3117 corr.
852 3061 894 3117 84.
932 3062 991 3116 dno
1008 3061 1091 3132 vulgo
1109 3060 1230 3116 additum

111 3180 117 3183 -
173 3141 312 3212 Stephani
332 3144 473 3198 inventurn
499 3154 540 3198 est
562 3146 758 3217 ignoraturque
782 3165 799 3199 a
819 3147 916 3212 codd,
941 3153 1023 3217 puto,
1047 3145 1177 3199 omnibus.
1195 3173 1231 3187 ·-

173 3226 371 3299 collocarent]
398 3229 492 3299 recepi
515 3247 567 3300 pro
589 3231 702 3302 vulgato
721 3231 963 3297 collocarent‘ex
985 3229 1034 3300 Lg.
1053 3229 1077 3285 3.
1099 3231 1123 3284 4.
1142 3228 1167 3284 6.
1189 3228 1229 3284 13.

175 3310 221 3364 16.
241 3311 281 3367 17.
302 3312 342 3367 31.
363 3312 406 3368 33.
427 3314 462 3368 34
483 3330 553 3368 corr.
573 3314 615 3370 33.
637 3314 679 3371 36.
699 3315 742 3370 69.
762 3316 802 3371 76.
821 3316 863 3371 84.
883 3316 925 3371 86.
962 3314 1014 3368 Gn.
1033 3315 1057 3369 3.
1077 3314 1139 3381 U.‚·
1165 3314 1230 3368 item

174 3412 216 3448 cx
236 3395 260 3448 5.
281 3395 324 3451 65.
346 3397 387 3451 70.
408 3398 458 3464 73,
484 3397 511 3451 in
537 3399 634 3467 quibus
660 3400 854 3457 conlocarant.
891 3402 961 3456 Vict.
987 3399 1175 3455 collocarunt.
1194 3428 1230 3441 κ-

176 3479 282 3550 Galla]
311 3480 402 3535 Cocta
423 3482 474 3537 Gn.
490 3482 514 3538 3.
536 3492 564 3536 et
585 3482 635 3555 Lg.
658 3486 749 3552 multi,
774 3495 803 3540 nt
821 3504 914 3557 saepe.
935 3515 971 3527 —
1006 3483 1082 3554 tam]
1104 3485 1230 3556 ignorant

174 3563 229 3634 Lg.
253 3565 393 3635 plerique,
419 3575 530 3639 praeter
553 3568 578 3623 3.
603 3569 643 3624 13.
662 3568 704 3625 81.
732 3572 780 3624 sed
806 3571 994 3642 compendium
1019 3558 1075 3626 ἵε.
1101 3578 1124 3623 a
1149 3571 1230 3624 facile

175 3647 309 3702 excidere
327 3644 423 3721 potuit]
441 3681 477 3694 —-
513 3653 873 3727 trilunatum—palchen]
895 3654 1231 3728 tribanus—petebatur

174 3733 210 3786 Z.
230 3739 256 3800 β.
275 3736 301 3788 d.
322 3755 343 3789 ε.
371 3736 432 3791 Vct.
449 3738 553 3809 steph.
583 3737 671 3793 llavu.
693 3737 729 3794 B.
767 3738 863 3794 Mead.
889 3739 966 3795 Cant.
991 3741 1079 3795 Gonu.
1107 3739 1182 3794 Harl.
1204 3739 1249 3812 1..

173 3817 236 3872 Erl.
258 3818 280 3872 l.
301 3819 326 3876 3.
359 3819 416 3875 nrt.
442 3823 504 3876 edd.
529 3823 684 3892 antiquiss,
710 3831 738 3877 et
764 3824 828 3877 xiv
851 3824 916 3897 [μ
943 3825 1105 3895 optimorum
1130 3825 1227 3878 nullus.

169 3907 300 3975 petatur
316 3903 334 3957 6
353 3921 422 3959 corr.
442 3915 472 3958 ut
491 3907 538 3962 illi.
557 3907 725 3980 palabatur
741 3909 774 3963 14
792 3926 860 3983 corr.
883 3917 912 3962 ut
931 3910 979 3962 illi.
1009 3909 1144 3977 Corrupto
1161 3907 1229 3960 haec

173 3996 205 4040 et
231 3996 292 4041 orta
316 4006 352 4045 ex
374 3991 537 4061 compendio
563 3999 598 4048 tr.
620 3992 660 4065 pl.
689 4001 717 4045 et
742 3984 872 4059 sequente
894 3990 1074 4063 parabolare
1097 4004 1149 4038 nec
1171 3994 1248 4059 erut*

173 4088 227 4124 cur
249 4071 350 4128 Pearc.
375 4075 403 4128 in
428 4076 471 4129 ed.
495 4075 529 4130 ll.
563 4077 709 4146 legendnm
733 4075 858 4128 censeret
883 4073 1017 4125 tribanus
1039 4065 1132 4135 plebis
1154 4066 1229 4115 erat,

171 4156 313 4211 Erueetus
340 4158 526 4218 trilunatum
553 4145 697 4230 perelatsp
719 4157 811 4223 „Sine
836 4153 927 4207 dublo.
943 4150 1013 4200 male
1040 4138 1230 4193 intellexerunt
