2938 4590
403 313 462 380 1111
489 311 720 394 0113Το1111
745 313 870 383 LIBER
891 315 928 383 11.
949 317 1001 385 38.
1131 319 1230 396 ΜΟ

186 496 249 571 ego
274 503 357 550 uuue
379 461 506 587 Crasso
526 485 671 551 audiente
692 487 822 572 primum
846 484 961 571 loquar
986 487 1026 554 de
1053 487 1179 556 iuuetiis
1200 500 1251 567 et,

189 602 310 672 docebo
334 620 406 680 sus,
439 611 472 668 ut
498 604 598 682 uiuat,
625 612 783 669 oratorem
808 623 893 681 eum,
922 624 1012 690 quem
1039 605 1230 674 3336313-
1320 634 1323 647 ·

188 722 239 787 lus
268 739 367 807 nuper
398 721 554 797 audisset,
567 810 575 819 .
589 721 697 803 senum
727 723 809 785 otios
845 722 951 788 aiebat
981 742 1045 790 esee
1075 737 1228 807 oportere.

186 837 261 903 334.
283 836 445 916 Tumida,
467 836 643 943 Iocabatur,
663 841 772 923 iuquit,
795 837 934 919 Catulus,
954 844 1139 927 praesertim
1160 862 1230 909 aun

188 958 234 1021 ita
251 955 335 1021 dieat
349 957 428 1041 ipse,
449 965 482 1020 ut
504 955 664 1021 ambrosia
685 953 817 1021 3133133
839 976 913 1024 esse
929 958 1081 1059 uideatur.
1115 958 1231 1029 Verum

185 1084 232 1151 te,
261 1071 397 1150 Caesar,
426 1072 603 1150 audiamus,
635 1083 668 1139 ut
694 1073 736 1138 ad
761 1072 877 1141 431331
904 1076 1028 1162 reliquo
1052 1077 1230 1144 redeamus.
1333 1159 1340 1171 .

185 1189 226 1257 Et
247 1191 416 1268 33133133,
443 1188 607 1276 Perpauca
627 1190 750 1275 quidem
776 1191 852 1257 mihi
872 1203 1004 1272 restant,
1030 1196 1144 1279 iuquit3
1171 1194 1229 1261 sod

187 1319 293 1375 tamen
324 1307 468 1373 defessus
503 1308 574 1400 iam
597 1306 708 1389 labore
743 1319 835 1394 atquo
865 1312 976 1377 itinere
1009 1311 1229 1398 disputationis

112 1406 115 1415 ¹
187 1446 278 1517 meae
304 1408 506 1510 requiescam
534 1426 566 1489 iu
593 1421 743 1491 Caesaris
770 1445 912 1494 sermone
942 1431 1034 1516 quasi
1061 1431 1095 1495 iu
1121 1405 1228 1515 aliaue

186 1552 415 1631 peropportuno
437 1541 622 1606 diversorio.

274 1656 382 1723 Lvlll.
413 1657 487 1722 335.
514 1657 625 1744 Atqui,
647 1658 745 1742 iuquit
764 1655 876 1733 Iulius,
898 1678 961 1724 333
981 1662 1074 1727 nimis
1095 1662 1230 1730 liberale

188 1776 356 1862 hospitium
381 1795 482 1840 meum
508 1775 605 1841 diaes.
649 1772 729 1840 Nam
749 1784 780 1840 te
807 1776 841 1839 im
861 1777 958 1854 3133,
985 1778 1078 1865 simui
1100 1799 1139 1845 33
1159 1760 1247 1867 333

102 1969 106 1974 ,
187 1893 314 1980 paulum
334 1895 482 1977 gustatis,
504 1893 664 1959 extrudam
686 1903 717 1958 et
738 1894 860 1959 aicium.
904 1894 953 1959 Ae
974 1915 1014 1960 ue
1035 1871 1151 1962 diutius
1172 1916 1230 1964 uos

159 2006 345 2089 demorer,
371 2012 411 2077 de
438 2013 522 2077 omui
548 2014 609 2083 isto
636 2030 753 2109 gauere
781 2011 857 2096 quid
882 2014 1016 2078 seutiam
1036 2013 1230 2101 perbreviter

117 2128 120 2133 ’
187 2150 349 2217 exponam.
392 2110 523 2194 De'risu
545 2131 679 2216 quinque
698 2139 777 2220 suut,
800 2149 881 2214 quae
899 2141 1101 2215 quaerantur:
1124 2153 1227 2212 unum,

185 2219 261 2333 quid
283 2250 339 2324 sit3
366 2245 511 2322 alterum,
534 2245 615 2310 uude
637 2248 693 2323 sit3
719 2247 857 2323 tertium,
884 2250 964 2313 sitne
987 2251 1123 2316 oratoris
1143 2250 1227 2317 uelle

186 2442 285 2517 fenus,
303 2427 331 2495 ei
349 2459 385 2494 ex
402 2441 481 2495 com.
498 2440 549 2512 ug.
562 2442 588 2497 3.
602 2441 642 2496 m.
659 2440 699 2494 ra.
715 2439 756 2495 ro.
773 2440 816 2494 m.
827 2441 870 2496 ue.
888 2441 931 2498 33.
949 2442 992 2498 or.
1011 2408 1054 2499 ro.
1067 2444 1113 2500 ra.
1127 2445 1170 2503 si.
1184 2445 1226 2503 so.

186 2530 222 2584 V.
242 2528 352 2583 Festum
370 2543 397 2580 u.
413 2525 509 2595 femus.

275 2654 335 2709 aar.
370 2652 496 2720 333]
519 2616 616 2720 scopu
639 2665 674 2702 ex
696 2647 747 2718 ug.
768 2648 793 2702 3.
818 2648 843 2704 a.
867 2648 907 2704 ro.
932 2648 973 2705 m.
994 2650 1037 2707 33.
1061 2652 1104 2709 oo.
1125 2654 1167 2709 33.
1187 2655 1229 2711 ro.

186 2740 241 2795 Gu.
261 2740 286 2794 3.
306 2767 342 2776 -
370 2736 539 2802 redeamus]
562 2733 714 2788 uideamus
738 2732 789 2787 Ga.
806 2734 847 2800 3.,
871 2735 916 2803 qui
935 2736 1023 2789 etad
1043 2754 1095 2791 om.
1115 2765 1152 2778 --
1179 2739 1230 2793 de-

185 2826 287 2897 fessas
310 2822 384 2889 iam]
402 2823 464 2875 inv.
491 2819 542 2874 Ga.
561 2820 587 2875 3.
604 2847 640 2860 -
667 2818 881 2890 disputationis
902 2822 998 2889 meae]
1021 2838 1107 2874 meae
1127 2823 1230 2877 addunt

187 2911 278 2965 Havu.
299 2906 366 2962 1.3.
392 2905 444 2960 Gu.
466 2903 489 2957 1.
506 2903 530 2958 3.
558 2904 636 2958 codd.
658 2904 806 2979 11333116.
827 2902 896 2957 lunt.
917 2903 990 2960 Cret.
1015 2905 1110 2961 Lamb.
1129 2906 1228 2965 Maeli.

189 2992 239 3049 Or.
261 2992 362 3055 Reum
387 2989 521 3043 accedunt
544 2988 594 3060 ug.
613 2989 637 3045 3.
663 2991 689 3046 3.
714 2991 739 3042 4.
762 2989 786 3045 6.
814 2988 853 3044 13.
877 2990 920 3045 33.
943 2989 984 3045 81.
1003 2990 1046 3045 84.
1073 3009 1125 3047 om.
1143 3010 1229 3046 meae

188 3076 268 3133 codd.
281 3076 339 3131 roll.
351 3083 379 3129 et
389 3074 451 3128 edd.
463 3075 546 3142 eutiq.
565 3075 629 3128 iteru
645 3073 820 3143 1113341333.
838 3073 905 3130 Ero.
922 3074 1034 3129 8313-
1053 3076 1227 3147 diversorio]
1284 3148 1287 3165 Ι

187 3162 242 3217 hoe
259 3179 277 3214 a
294 3160 372 3215 codd.
392 3159 514 3229 plurimis
532 3158 666 3224 oblatum,
684 3157 735 3229 Lg.
752 3159 876 3212 omuibus
893 3169 1004 3230 preater
1021 3159 1062 3215 13.
1080 3161 1149 3227 33.,“
1162 3162 1227 3215 item

99 3268 106 3273 ·
189 3246 241 3300 Gu.
261 3246 284 3298 l.
303 3244 328 3300 3.
349 3244 433 3309 Viae,
456 3244 604 3297 3333331333
622 3261 670 3310 ea,
690 3260 762 3315 quae
779 3243 917 3313 disputata
932 3252 996 3298 suut
1012 3245 1048 3298 ad
1066 3244 1100 3300 11.
1120 3246 1167 3313 19,
1183 3246 1227 3301 86.

188 3331 302 3384 reiicere
320 3345 401 3414 ausps
419 3345 474 3382 333
491 3345 559 3382 sum.

204 3478 209 3485 ·
273 3454 369 3509 Lvnr.
404 3453 463 3508 336.
499 3453 598 3524 atqui]
617 3459 706 3522 atque
722 3450 772 3522 hg.
789 3452 815 3502 4.
831 3450 866 3505 33
882 3461 910 3506 et
926 3451 961 3507 76
977 3469 1047 3508 corr.
1082 3455 1174 3511 3169.
1191 3483 1228 3499 ·-·

188 3540 281 3594 simul
295 3541 343 3609 33]
365 3540 405 3593 sic
429 3539 537 3593 divisim
558 3536 608 3608 Lg.
628 3535 669 3591 13.
692 3535 734 3590 31.
753 3535 794 3589 36.
813 3535 856 3590 65.
875 3536 918 3592 67.
936 3534 979 3590 69.
1001 3537 1041 3592 76.
1062 3538 1103 3594 73.
1123 3540 1164 3594 76.
1182 3540 1226 3596 81.

168 3624 230 3705 34.
248 3623 291 3679 93.
317 3624 408 3679 Amul
422 3631 509 3693 atque
525 3622 560 3676 33
573 3639 643 3675 corr.
660 3649 695 3660 -
711 3620 900 3692 perpaulum}
916 3621 956 3675 sie
972 3622 1007 3692 (s.
1020 3625 1228 3696 perpaulum)

188 3706 276 3778 1333.
289 3710 314 3761 4.
327 3710 352 3764 5.
367 3709 393 3762 6.
412 3706 452 3761 13.
469 3707 510 3761 14.
526 3706 567 3761 15.
584 3705 624 3760 lo.
645 3704 686 3757 17.
702 3704 744 3759 39.
763 3704 805 3760 31,
823 3702 865 3759 33.
883 3705 926 3759 34.
943 3705 985 3760 33.
1004 3706 1046 3764 36.
1064 3708 1106 3764 36.
1123 3710 1166 3764 65.
1183 3710 1227 3766 69.

188 3791 230 3845 70.
244 3791 284 3848 76.
302 3792 345 3847 86.
363 3792 406 3846 93.
424 3792 494 3845 Viet.
516 3789 606 3843 (13.3.
634 3787 742 3842 Eodem
759 3788 877 3858 pertinet
888 3807 1071 3863 murteum
1088 3794 1115 3848 13
1133 3794 1184 3848 Gu.
1202 3795 1226 3851 1.

184 3876 393 3948 perpaululum
409 3894 431 3930 s.
444 3893 504 3948 per
513 3874 592 3946 paul.
611 3873 661 3944 Lg.
674 3872 706 3926 61
719 3891 791 3928 eurr.
807 3883 836 3928 ut
849 3873 873 3930 3.
887 3874 929 3930 or.
941 3906 978 3916 -
996 3880 1115 3946 etaiam]
1129 3880 1227 3948 scripsi

65 3971 72 3982 “
187 3960 336 4014 secuudum
357 3960 408 4032 Lg.
433 3959 457 4013 3.
483 3958 523 4014 13.
549 3959 589 4013 14.
611 3958 656 4015 ld.
683 3956 722 4012 17.
746 3957 789 4013 39.
814 3959 856 4014 33.
875 3958 917 4013 36.
939 3959 981 4016 65.
999 3962 1042 4017 67.
1060 3961 1102 4017 69.
1122 3963 1164 4017 76.
1183 3962 1226 4019 73.

187 4045 223 4098 76
234 4061 305 4111 corr.
325 4045 395 4100 Viet.
414 4043 466 4120 Ga.
479 4044 504 4099 3.
531 4043 745 4099 3111333349.
761 4044 796 4097 ud
810 4043 831 4098 1.
846 4044 890 4110 43,
910 4042 966 4099 189.
983 4072 1019 4087 ·-
1033 4045 1226 4116 perbreviter]

189 4126 315 4186 breviter
337 4128 388 4200 hg.
412 4130 437 4209 4.
459 4127 502 4184 69.
520 4156 556 4171 ·-
584 4129 779 4198 quaerantur]
799 4132 943 4215 rotantur
964 4144 992 4183 v.
1011 4134 1075 4183 33.
1101 4127 1172 4178 Viet.
1190 4153 1227 4167 -·
1270 4127 1273 4137 ‘
