2942 4608
312 354 315 366 ,
405 289 464 356 DE
492 288 720 359 ORATORE
747 282 873 360 LIBER
893 290 946 359 lll.
968 294 999 360 Θ.
1127 296 1224 370 4118

150 448 270 527 'diens
292 459 435 546 equidem
457 462 504 527 sic
525 460 667 526 iudicare
688 460 796 538 soleo,
816 461 967 547 quiequid
985 470 1039 528 aa
1061 440 1222 531 addideris

154 595 231 676 ,aut
245 587 413 653 mutaveris
434 595 488 651 aut
502 584 687 664 detraxeris,
707 588 852 652 vitionus
872 596 904 652 et
919 586 1056 654 deterius
1077 588 1220 655 futurum.
1245 664 1249 677 y

170 709 226 775 30.
259 708 363 787 Quidi
404 720 512 776 noster
542 710 595 777 hic
628 710 751 777 Caesar
784 732 887 778 nonne
919 731 1034 779 novam
1065 713 1220 798 quandam

155 837 327 900 :rationem
354 835 454 900 attulit
475 837 628 902 orationis
653 846 684 903 et
705 836 830 903 dicendi
856 856 956 921 genus
983 838 1103 903 induxit
1123 857 1219 925 prope

171 960 360 1044 singularei
393 956 472 1038 Quis
489 979 625 1046 unquam
646 941 698 1028 res
715 953 841 1049 praeter
860 961 942 1028 bunc
959 964 1099 1047 tragicas
1116 976 1219 1050 paene

170 1089 295 1152 comice
325 1085 432 1148 tristes
461 1085 594 1150 remisse
625 1105 755 1153 severas
780 1087 883 1153 hilare
913 1087 1058 1169 forenses
1090 1089 1219 1155 scenica

169 1229 270 1297 prope
283 1218 445 1275 venustate
464 1211 610 1275 tractauit
631 1191 723 1297 atque
739 1214 793 1290 ita,
815 1222 848 1278 ut
868 1232 969 1299 neque
991 1215 1080 1280 iocus
1097 1216 1219 1297 magni·
1307 1274 1310 1279 .

169 1335 279 1401 tudine
300 1353 403 1399 rerum
425 1333 641 1436 excluderetur
665 1354 725 1403 nec
749 1339 890 1422 gravitas
917 1337 1041 1403 facetiis
1064 1341 1219 1403 minuere-
1276 1356 1278 1361 ’

94 1549 97 1551 Α
169 1466 245 1535 turi
288 1459 340 1524 31.
366 1455 450 1524 Ecce
472 1469 655 1547 praesentes
683 1462 743 1527 duo
763 1482 861 1549 prope
883 1463 1035 1549 aequales
1057 1459 1218 1551 Sulpicius

172 1588 204 1644 et
227 1575 327 1643 Cotta.
371 1573 454 1665 Quid
475 1569 540 1641 tam
560 1578 642 1641 inter
663 1597 698 1643 se
721 1579 897 1655 dissimilel
924 1581 997 1668 quid
1018 1581 1138 1646 tamin
1159 1555 1221 1663 sud

171 1714 289 1781 genere
319 1698 510 1780 praestans?
552 1691 695 1760 Limatus
728 1695 808 1787 alter
840 1706 871 1761 et
901 1697 1040 1775 subtilis,
1070 1716 1138 1761 rem
1164 1715 1219 1760 ex-

172 1813 295 1900 plicans
316 1812 450 1897 propriis
474 1812 616 1897 aptisque
633 1811 750 1878 verbis.
782 1810 899 1878 Haeret
920 1815 954 1878 in
975 1832 1075 1879 causa
1096 1808 1243 1898 semperl

172 1940 214 2009 et,
236 1929 309 2017 quid
331 1926 427 1993 iudici
447 1928 642 2015 probandum
660 1931 701 1994 sit
722 1950 791 1995 cum
814 1932 995 1995 acutissime
1012 1930 1098 2007 vidit,
1121 1930 1217 2023 lilii?
1335 1980 1339 1985 .

169 2050 218 2143 sis
240 2048 353 2113 ceteris
373 2047 564 2132 argumentis
585 2046 619 2110 in
637 2066 676 2112 eo
698 2056 832 2133 mentem
850 2050 1083 2137 orationemque
1101 2045 1218 2139 deligit,
1242 2094 1246 2099 ι

170 2163 330 2254 Sulpicius
365 2175 468 2229 autem
499 2163 671 2230 fortissimo
709 2165 843 2250 quodam
875 2156 974 2231 animi
1004 2166 1119 2252 impetu
1148 2163 1216 2251 ple·
1312 2170 1317 2179 ’

169 2283 304 2346 nissima
329 2289 360 2345 et
385 2282 522 2345 maxima
541 2299 620 2346 voce
649 2300 770 2346 summa
795 2285 993 2348 contentione
1016 2283 1158 2365 corporis
1185 2287 1217 2344 et

171 2512 334 2585 115111.-
360 2512 504 2582 tropicas]
524 2514 637 2583 tropice
653 2487 766 2582 Lg.‘1o.
791 2528 843 2566 om.
859 2512 900 2566 70.
930 2510 973 2565 lta
990 2512 1072 2581 perulo
1090 2518 1153 2583 post
1169 2529 1215 2566 se·

171 2615 242 2652 uera
256 2596 282 2651 6.
311 2612 409 2649 severe
427 2595 468 2650 14.
487 2595 529 2650 23.
546 2627 578 2635 -
598 2597 726 2664 scenica]
745 2599 883 2651 scaenica
900 2595 950 2668 Lg.
965 2594 1006 2652 31.
1019 2596 1061 2651 65.
1080 2614 1109 2650 v.
1126 2596 1161 2649 ad
1179 2595 1213 2652 ll.

169 2680 295 2749 46,193.
1051 2735 1060 2746 ,

256 2765 299 2821 31.
336 2764 408 2832 duo]
427 2763 502 2818 duos
517 2763 566 2835 Lg.
579 2764 603 2819 3.
617 2765 643 2820 6.
655 2763 698 2819 32.
716 2765 790 2835 qnod
807 2754 921 2836 proptt'ec
934 2765 1047 2818 nomina
1062 2759 1234 2834 Septem*

170 2861 200 2906 et
220 2850 308 2905 Golia
325 2848 439 2921 probari
456 2850 557 2917 nequit.
589 2850 648 2903 Sed
663 2849 730 2904 boni
746 2851 809 2904 libri
825 2867 910 2919 saepe
926 2849 1084 2903 breviorem
1100 2846 1215 2902 lerinam
1298 2836 1305 2845 ⁸

170 2938 295 3001 trientnr,
319 2950 390 3002 quae
406 2942 591 2988 correctorum
609 2921 796 3004 editorumque
815 2934 929 2997 libidine
946 2934 1070 2988 subiecta
1087 2931 1144 2988 suit.
1182 2930 1214 2987 ln

171 3021 294 3091 epistolis
316 3026 451 3088 perpetua
468 3017 533 3072 ‚sere
557 3020 648 3073 estin
672 3035 760 3073 aare
784 3019 888 3073 codicis
908 3018 1031 3072 Medicei
1054 3018 1214 3083 auctoritas,

151 3101 153 3107 ’
169 3120 198 3161 v.
212 3104 323 3159 Divers.
336 3101 383 3157 111.
396 3104 422 3169 4,
436 3102 459 3156 2.
479 3101 527 3157 lv,
539 3103 565 3170 6,
583 3103 620 3168 1.;
640 3102 769 3171 quaenbi
786 3104 873 3169 deest,
889 3102 1062 3158 iniuriaduo
1076 3102 1214 3167 scribitur,

168 3190 238 3246 sicut
262 3188 297 3243 ab
320 3185 426 3242 Orellio
454 3187 555 3242 sectum
577 3189 631 3243 Ate.
650 3186 697 3241 Vl.
721 3188 753 3255 1,
779 3188 836 3255 14.,
866 3188 985 3242 fortasse
1015 3187 1090 3256 quod
1116 3186 1213 3243 herum

170 3275 347 3347 epistolarum
364 3290 421 3326 non
437 3272 498 3343 ipso
517 3274 655 3344 exemplo,
672 3274 723 3327 sed
739 3273 900 3344 apographo
918 3273 1026 3327 utimur.
1054 3269 1098 3324 Ea
1115 3270 1213 3336 formej

168 3361 220 3416 sed
237 3377 293 3414 nou
311 3361 371 3413 eine
388 3350 572 3429 discrepantia
588 3358 689 3428 aliqua,
705 3358 805 3429 legitur
821 3359 848 3410 in
864 3355 959 3410 Pisou.
975 3356 1016 3422 15,
1030 3356 1072 3410 35.
1089 3354 1213 3425 Philipp.

169 3444 230 3500 Xll.
249 3444 281 3511 8,
299 3444 340 3498 20.
364 3460 392 3497 v,
411 3440 496 3498 Orell.
517 3443 601 3514 Legg.
621 3442 668 3497 111.
691 3442 731 3507 13,
748 3442 782 3494 36
798 3459 826 3494 ν.
845 3440 926 3495 Goer.
953 3441 1032 3494 'lusu
1050 3439 1070 3494 1.
1087 3438 1133 3506 Ab,
1153 3438 1211 3495 111.

168 3529 264 3584 Divin.
282 3527 301 3583 1.
319 3527 350 3594 3,
368 3528 393 3582 6.
418 3528 464 3580 ubi
486 3527 599 3581 Marsus
614 3528 756 3581 Manutius
774 3525 922 3579 Lambinus
942 3526 1016 3578 duos
1036 3526 1213 3596 praetulerat

169 3610 382 3678 (1361111116,
401 3611 501 3667 75bis.
536 3612 568 3665 ln
588 3612 660 3665 libro
684 3611 719 3664 de
741 3610 784 3664 Re
806 3610 917 3681 publica
933 3609 954 3666 1.
976 3610 1015 3665 13.
1038 3629 1065 3681 p.
1084 3611 1119 3663 57
1137 3609 1211 3665 Mor.

170 3699 240 3761 duo,
258 3715 285 3766 p.
300 3697 342 3751 69.
358 3698 431 3750 does
446 3706 544 3752 exstat.
568 3696 673 3749 Eadem
692 3695 838 3750 diversitas
856 3704 897 3749 est
913 3695 942 3749 in
955 3695 1042 3749 umbo
1056 3704 1083 3748 et
1097 3693 1212 3758 ambos,

170 3798 198 3836 v.
211 3780 301 3849 lntpp.
319 3779 356 3832 ad
369 3778 431 3833 Liv.
443 3780 557 3836 XXXV.
573 3780 655 3847 21‚.5.
682 3780 774 3833 Multa
791 3791 985 3852 congesserunt
999 3778 1213 3850 Oudendorpins

171 3865 207 3920 ad
223 3864 301 3918 Suet,
315 3862 408 3917 Claud.
427 3863 467 3918 14.
494 3864 603 3919 Curtius
620 3866 656 3918 ad
671 3864 811 3919 Lucanum
829 3865 850 3921 1.
868 3866 936 3933 111.,
954 3864 1052 3937 quibus
1069 3862 1212 3934 adhibebis

123 3981 125 3986 ,
169 3949 293 4023 prudens
310 3955 488 4019 praeceptum
505 3948 612 4004 Klotnii-
626 3950 662 4004 ed
679 3950 734 4006 Cic.
749 3949 827 4005 Lael.
846 3951 880 4005 V.
897 3951 939 4006 20.
958 3970 985 4021 p.
1002 3949 1059 4003 lac.
1081 3978 1112 3988 -
1139 3943 1212 4015 preld

169 4042 237 4090 tem
254 4034 343 4102 tader]
365 4038 429 4086 tam
447 4051 502 4088 om.
521 4033 573 4088 Gn.
594 4036 616 4091 l.
636 4065 671 4075 —
696 4034 896 4108 probandum]
911 4033 1072 4108 probatum
1089 4031 1160 4083 vict
1177 4053 1213 4068 -

173 4119 406 4190 orationemque]
427 4121 692 4209 copitationemqae
709 4120 760 4191 Lu„
777 4120 820 4177 13.
