2942 4608
381 337 440 405 DE
468 332 696 406 ORATORE
723 332 850 405 LIBER
869 334 922 407 ΠΙ.
943 335 975 405 5.
1101 340 1200 415 m

158 508 374 597 optinentes
399 505 700 575 causariibertatom
724 505 902 573 recusandi.
955 504 1141 595 Quanquam
1167 508 1202 575 in

157 625 322 713 partienda
343 625 551 712 disputatione
572 633 696 702 nostro,
719 642 789 690 cum
811 623 873 689 sihi
895 623 1012 703 cleiis,
1034 644 1115 711 quoe
1137 626 1202 693 dici

159 743 201 810 ub
223 752 347 810 oratore
369 751 535 829 oporteret,
558 749 702 827 sumeret,
724 739 800 806 mihi
822 750 929 807 nutem·
944 741 1148 829 relinqueret,
1167 752 1203 811 ut

88 860 94 869 ’
157 859 347 948 explicarem
368 879 467 944 quem=
482 858 524 924 ud
545 857 670 925 modum
691 857 750 923 illu
770 858 878 924 ornari
899 868 1070 946 oporteret:
1093 879 1134 926 eo
1153 860 1202 925 di-

96 1040 102 1057 ,
156 977 243 1055 risit,
270 964 351 1064 puae
375 977 520 1042 seiuncta
540 995 613 1041 esse
639 995 703 1041 non
723 983 863 1062 possunt.
906 973 986 1041 Nam
1008 994 1078 1043 cum
1099 977 1202 1045 omnis

28 1180 33 1183 Β
156 1112 197 1161 ox
222 1113 258 1160 rs
289 1103 382 1179 etque
406 1091 513 1158 verbis
541 1102 662 1160 constet
688 1093 810 1160 oratio:
842 1111 943 1179 neque
967 1093 1067 1161 verbu
1092 1094 1202 1162 sedem

155 1209 275 1279 hahere
296 1218 439 1296 possunt,
466 1211 495 1274 si
516 1228 582 1275 rem
604 1209 811 1287 subtraxeris,
833 1228 935 1296 neque
956 1229 1010 1277 res
1029 1210 1157 1291 lumen,
1170 1212 1202 1279 si

85 1376 91 1383 ,
156 1324 258 1394 uerbo
278 1326 460 1393 semoveris.
493 1326 546 1392 76.
568 1326 618 1394 Ac
638 1326 715 1393 mihi
736 1326 862 1413 quidem
881 1335 1006 1394 ueteres
1027 1327 1077 1393 illi
1098 1330 1202 1396 moius

157 1443 305 1531 quiddam
337 1444 441 1509 animo
473 1442 627 1530 complexi
657 1443 728 1530 plus
755 1443 851 1509 multo
883 1445 978 1509 etiam
1006 1444 1127 1519 uidisse
1152 1422 1234 1512 ris

157 1561 281 1639 dentur,
312 1580 406 1646 quam
439 1568 586 1645 quantum
611 1569 789 1642 nostrorum
814 1562 1011 1645 ingeniorum
1037 1565 1124 1629 ecies
1151 1564 1202 1628 in·

155 1680 238 1744 tueri
269 1686 390 1764 potest,
426 1677 480 1761 qui
511 1678 617 1742 omnio
646 1674 743 1753 haec,
779 1694 820 1760 qu
893 1696 988 1763 supra
1022 1686 1054 1773 et
1084 1677 1201 1781 suptcr,
1242 1710 1281 1753 ,a
1290 1732 1307 1791 s
1316 1733 1335 1775 Ι

156 1814 251 1860 unum
283 1812 356 1860 csso
388 1801 419 1859 et
448 1811 514 1859 unu
543 1794 577 1859 ui
608 1802 700 1878 atquo
732 1811 796 1857 una
829 1768 1057 1859 cffsffiiffnes
1068 1756 1213 1862 {3363ss
1228 1722 1345 1841 ’ΞἬ

157 1915 328 2001 constrictu
349 1929 420 1977 csse
443 1909 595 1976 dixerunt.
637 1906 764 1974 Nullum
785 1919 835 1976 est
860 1911 943 1975 enim
965 1930 1065 1995 genus
1086 1932 1200 1992 rerum

156 2012 240 2115 cuod
266 2036 319 2094 out
346 2026 488 2125 cumeum
515 2027 676 2093 coeteris
702 2045 759 2112 per
783 2045 819 2092 se
846 2028 948 2113 ipsum
974 2037 1119 2094 constare
1147 2038 1201 2095 out

155 2165 218 2232 quo
240 2120 402 2213 cetero-si
414 2124 554 2212 'cereum
572 2145 636 2210 rim
657 2161 748 2210 suam
771 2151 864 2229 etque
886 2145 1101 2212 aeternitatem
1122 2165 1199 2213 con-

156 2281 285 2330 seruare
307 2264 438 2348 possint

156 2476 260 2549 spatio.
295 2474 325 2529 lu
341 2472 394 2544 bg.
408 2474 434 2525 4.
451 2469 503 2528 Gu.
519 2470 545 2527 3.
562 2472 662 2527 lucuno
678 2473 775 2543 Incipit
789 2479 854 2543 post
870 2475 944 2537 etsie
961 2471 990 2527 ln
1007 2471 1058 2546 ng.
1078 2474 1119 2535 13.
1137 2486 1202 2548 pour
1244 2448 1247 2451 .

157 2564 300 2617 ommno.
337 2555 510 2637 thimorum
527 2556 609 2626 igitur·
624 2555 700 2611 solus
717 2556 761 2612 37.
778 2556 870 2609 modic
885 2558 1018 2613 servavit.

246 2694 286 2753 18.
323 2692 525 2766 impudentem
548 2689 625 2761 cose]
652 2707 715 2746 csse
739 2705 793 2744 om.
816 2688 866 2761 hg.
892 2689 932 2746 14.
956 2688 1010 2746 73..
1023 2691 1066 2748 67.
1091 2693 1134 2749 69,
1157 2693 1203 2765 81ο

158 2779 302 2849 eidemque
317 2787 428 2850 praeter
440 2775 562 2829 ultimum
575 2768 741 2830 euicttmuo.
755 2805 790 2816 —
801 2773 907 2846 posce]
926 2773 1031 2829 debere
1044 2776 1099 2833 inv.
1114 2776 1165 2850 Lg.
1176 2779 1203 2833 6.

157 2864 321 2919 De‘omisso
338 2860 500 2933 pronomine
517 2874 545 2916 v.
562 2860 590 2914 in
606 2857 850 2930 explicationibus3
869 2857 972 2914 eteberi
987 2877 1024 2914 cx
1036 2862 1215 2918 escensione,
1266 2858 1270 2869 .

156 2944 266 3018 scripsit
281 2946 431 3012 Peorcius,
452 2961 501 2997 mc
517 2953 582 2999 onte
599 2944 712 3000 diutius
734 2942 838 2997 addidit
854 2942 1012 3000 Lambinus.
1029 2972 1066 2986 -
1090 2949 1203 3020 tmpor-

150 3031 277 3105 uuuum]
297 3032 337 3085 sic
354 3046 406 3102 pro
427 3032 625 3101 inopportuna
641 3028 692 3099 Lg.
711 3043 820 3093 omnes,
843 3026 895 3082 Gn.
912 3028 938 3081 7.
959 3027 1046 3095 viem
1067 3045 1095 3088 v.
1114 3031 1203 3103 expli·

90 3180 93 3189 .
158 3116 282 3171 cationes
297 3114 331 3170 Π.
347 3115 373 3181 5,
386 3112 429 3168 70.
442 3139 478 3154 —
495 3110 673 3182 conciditur]
692 3111 862 3166 conceditur
877 3109 928 3183 Lg.
942 3113 967 3167 3.
980 3112 1007 3168 6.
1025 3112 1068 3169 70.
1083 3115 1118 3170 35
1129 3131 1201 3172 corr.

157 3200 328 3256 concidetur
344 3197 387 3253 93.
397 3195 501 3253 Lomb.
538 3198 712 3252 concedetur
729 3197 801 3252 Vict.
833 3196 1010 3251 conceditur
1027 3196 1081 3254 Gn.
1097 3198 1123 3252 7.
1184 3260 1188 3273 ⁴

245 3350 285 3407 lo.
321 3347 449 3423 optima]
468 3354 589 3421 optuma
606 3346 657 3418 [ις.
672 3346 697 3402 5.
711 3345 753 3402 35.
769 3344 812 3403 65.
832 3346 874 3401 70.
890 3346 931 3401 73.
946 3346 989 3401 84
1008 3346 1080 3402 Vict.
1106 3347 1204 3417 Recte,

158 3445 243 3508 puto;
259 3436 310 3490 sed
326 3435 407 3490 scribi
425 3433 465 3487 sic
481 3449 537 3488 nou
555 3432 653 3504 potuit,
671 3446 699 3488 v.
719 3429 756 3484 od
771 3428 805 3485 Π.
825 3428 866 3497 18,
883 3431 925 3485 75.
951 3427 1023 3484 Mox
1039 3447 1108 3485 mea
1125 3433 1205 3490 obest
1312 3474 1314 3479 ,

158 3537 177 3574 u
190 3518 241 3590 Lg.
256 3518 281 3576 5.
295 3519 321 3576 6.
337 3550 367 3560 -
388 3517 426 3572 de
443 3516 495 3588 iio]
514 3517 551 3571 de
567 3515 617 3570 Isto
631 3514 704 3571 vuer.
723 3513 775 3569 Gu.
790 3514 816 3568 7.
830 3540 866 3554 -
884 3521 973 3583 atque
988 3514 1096 3588 uerbis]
1115 3525 1205 3588 utque

158 3621 198 3660 eu
214 3602 311 3658 corbis
333 3602 384 3676 lug.
402 3602 428 3657 6.
447 3600 489 3658 76.
506 3600 549 3657 81.
567 3600 611 3656 84.
629 3630 664 3640 -
695 3594 866 3666 semoveris]
891 3598 1070 3655 removero
1093 3599 1144 3673 [ις.
1160 3602 1204 3656 74.
1270 3636 1274 3645 κ

158 3703 302 3743 cummou.
320 3686 362 3741 35.
380 3685 423 3740 33.

246 3818 289 3873 70.
319 3817 392 3890 pluo
416 3816 525 3889 multo]
555 3818 595 3872 sie
624 3818 725 3871 inverti
754 3814 905 3872 secundum
934 3814 986 3889 Lg.
1010 3834 1105 3874 omues
1134 3818 1216 3897 vict„

159 3905 215 3961 Gn.
232 3904 258 3959 7.
276 3929 312 3942 —-
341 3899 454 3971 mehter]
477 3901 580 3957 cubum
601 3901 652 3972 Lg.
670 3899 697 3957 6.
721 3900 757 3955 74
774 3917 845 3955 corr.
864 3908 975 3974 supter.
992 3929 1030 3944 —
1057 3919 1119 3959 uua
1137 3918 1206 3957 cort·

160 3985 311 4057 smutoue]
327 4001 389 4041 uua
407 3986 534 4040 omittunt
550 3985 600 4057 Lg.
620 4001 725 4052 ommes,
744 4001 797 4039 nec
813 3984 842 4038 id
858 3985 994 4052 deteriun3
1012 3987 1063 4043 sed
1078 3994 1208 4056 suspectu

148 4078 204 4128 ‘est
220 4071 375 4129 omissionis
393 4087 485 4126 consu
505 4100 536 4112 ·—
562 4069 737 4141 constructa]
756 4073 920 4128 eourtuuta
937 4070 988 4142 Lg.
1007 4072 1033 4128 6.
1053 4070 1085 4124 15
1099 4085 1128 4126 v.
1141 4084 1168 4124 u.
1187 4075 1206 4122 t.

163 4160 334 4230 conscripta
350 4155 400 4214 37.
457 4194 462 4203 ,
