2958 4584
241 300 349 375 ano
416 332 494 397 q·
647 292 941 364 crcnnonrs
1054 282 1056 285 ’
1173 248 1203 293 ”

246 487 341 534 6666
369 467 493 533 dicendi
525 467 681 543 omittam,
716 467 771 550 qni
802 467 846 531 in
866 468 950 531 omni
981 473 1098 551 pacata
1130 473 1161 529 et
1191 462 1299 557 libera¹

248 587 373 651 civitate
396 584 585 660 dominatur,
611 591 701 647 tanta
726 582 895 649 oblectatio
923 591 972 648 est
998 585 1031 647 in
1052 585 1124 668 ipsa
1144 582 1295 655 facultate

249 702 388 779 dicendi,
414 710 447 766 ut
471 698 550 765 nihil
571 699 727 771 hominum
755 709 807 764 aut
834 700 961 765 auribus
989 708 1042 765 ant
1066 699 1220 764 mentibus
1247 703 1296 764 iu-

218 810 380 885 ‘cmdius
406 819 524 904 percipi
552 819 660 903 possit.
711 815 763 883 34.
796 815 857 894 Qui
884 819 967 882 enim
994 827 1104 882 cantus
1132 817 1296 882 moderata
1368 837 1373 844 ·

199 941 202 945 ’
251 937 393 1005 oratione
421 934 543 1000 dulcior
565 934 697 998 inveniri
718 936 847 1019 potenti
872 934 954 1020 quod
977 953 1104 999 carmen
1125 933 1297 999 artificiosa

249 1040 415 1127 uerborum
441 1050 643 1118 conclusione
669 1051 794 1136 aptiusl
822 1053 875 1136 qni
898 1061 986 1117 actor
1007 1050 1173 1127 imitanda,
1200 1071 1294 1135 qnam

219 1163 358 1260 furator
382 1168 583 1255 suscipienda
603 1169 734 1233 veritate
756 1169 944 1234 iucundiori
988 1166 1072 1245 Quid
1096 1144 1295 1232 66166661)-

251 1287 337 1353 tilius
365 1306 457 1373 quam
479 1285 610 1353 crebrae
634 1295 806 1370 acutaeque
834 1287 1033 1350 sententiaei
1059 1284 1139 1370 'quid
1162 1285 1299 1349 admira-

252 1403 348 1469 bilius
371 1423 464 1489 quam
482 1421 535 1468 res
558 1399 724 1489 splendore
746 1402 904 1468 illustrata
923 1402 1112 1468 verborum?
1134 1403 1209 1488 quid
1229 1402 1297 1487 ple·
1334 1422 1341 1431 ’

252 1502 337 1586 6166
350 1540 442 1606 quam
469 1522 551 1586 omni
577 1539 693 1605 genere
715 1539 818 1585 rerum
841 1510 997 1585 eumulzna
1018 1520 1145 1586 cratini
1187 1517 1296 1603 Neque

243 1639 338 1704 enim
367 1637 435 1703 nlla
465 1658 529 1703 non
559 1640 687 1724 propria
716 1638 852 1703 oratoris
883 1657 936 1703 res
963 1647 1030 1715 est,
1064 1656 1145 1757 quae
1173 1636 1296 1722 quidem

151 1839 152 1842 Ἴ
217 1836 220 1841 4
254 1764 362 1822 ornate
386 1755 456 1822 dici
472 1757 671 1843 graviterque
695 1750 796 1819 debet.
866 1788 869 1795 .

239 1910 298 2041 ,69.
316 1971 360 2053 93.
388 1979 417 2026 et
435 1971 529 2029 libera
548 1960 817 2046 6166661667-
845 1971 1003 2026 oblectatio
1022 1971 1085 2042 ert]
1105 1970 1300 2027 oblectatione

257 2055 310 2110 (16.
329 2057 407 2111 3.-
434 2063 488 2109 aut
504 2057 663 2128 mentibus]
682 2075 735 2111 orn
753 2054 903 2128 11686.

341 2172 383 2227 34.
420 2174 489 2254 qni]
513 2177 578 2242 quir
598 2173 648 2246 Lg
667 2177 692 2231 3.
714 2174 765 2229 Gu.
784 2176 810 2230 3.
831 2173 926 2249 Stepb.
945 2174 1005 2228 616.
1027 2172 1096 2227 1661.
1116 2172 1193 2228 Μ66.
1212 2173 1247 2227 61.
1264 2199 1300 2215 *-

255 2252 415 2313 moderata
433 2257 581 2328 oratione]
599 2259 652 2312 hoc
670 2260 784 2326 restitui,
802 2261 867 2359 qnia
884 2251 1085 2335 testatissinrnm
1105 2268 1146 2311 est
1163 2252 1298 2325 sensuque

255 2360 311 2415 non
330 2343 456 2398 deterius.
493 2341 602 2397 Habent
624 2346 718 2413 optimi
738 2345 856 2398 omnium
874 2343 938 2412 libri
953 2333 1006 2413 QLg
1026 2342 1051 2397 3.
1071 2344 1095 2397 4.
1113 2344 1153 2398 13.
1172 2344 1206 2398 33
1224 2342 1298 2412 (666.

249 2427 508 2500 pronuntiatione)
526 2428 584 2493 36.,
607 2439 753 2498 praeterea
775 2430 800 2484 3.
825 2429 849 2483 5.
874 2428 914 2482 16.
937 2428 979 2483 31.
997 2426 1039 2481 65.
1059 2427 1101 2482 67.
1121 2427 1162 2481 70.
1183 2429 1216 2481 73
1235 2426 1297 2481 666.
1346 2493 1351 2505 s

256 2520 285 2565 ut
298 2511 341 2564 33.
353 2512 396 2565 86.
421 2510 481 2566 Ρ61.
498 2512 519 2569 1,
543 2511 617 2568 Pith.
637 2512 703 2569 mbr.
722 2511 834 2568 Memm.
854 2512 891 2568 U.
905 2513 936 2569 Ζ.
955 2511 1051 2566 661.
1070 2510 1126 2566 nrt.
1146 2540 1181 2552 -
1200 2512 1300 2564 mode-

254 2604 326 2653 rata
338 2590 592 2670 pronuntiatione,
612 2614 681 2666 qnae
700 2595 741 2650 e'st
758 2592 902 2653 manifesta
920 2600 1066 2650 orationis
1084 2597 1247 2666 explicatio,
1266 2613 1316 2662 ne,

256 2676 316 2751 quis
334 2682 370 2742 66
387 2685 523 2737 oratione
540 2674 644 2736 dadila
665 2700 688 2735 6.
708 2683 825 2752 scripta,
847 2678 920 2752 λόγῳ
940 2682 1088 2752 cogitaret,
1112 2698 1133 2735 ε.
1152 2679 1215 2731 edd.
1233 2680 1301 2731 nnti-

178 2821 187 2829 ,
255 2767 356 2840 quies,
373 2782 425 2835 mg.
444 2764 566 2818 6661.-
583 2767 759 2823 moderatae
777 2773 852 2822 orat.
868 2769 1111 2839 pronuntiatione
1128 2761 1218 2816 Havn.
1236 2762 1258 2816 l.
1273 2763 1300 2817 3.

256 2846 382 2902 (1613.
398 2846 463 2902 'On
482 2865 537 2901 non
556 2850 624 2921 nulli
641 2861 669 2904 et
682 2841 765 2921 vrtlt'go
783 2861 846 2921 post
857 2852 963 2905 Aldnm.
992 2847 1166 2913 moderatae
1184 2852 1301 2900 oratio-

173 2958 177 3006 χ
255 2935 303 2985 nia
327 2932 391 3000 (om.
405 2935 664 3007 pronuntiatione)
689 2933 749 2988 Pal.
771 2937 796 2990 3.
824 2954 841 2988 6
864 2922 914 3006 pr.⁴
927 2953 960 2989 nr.
996 2928 1177 2991 11606Μῆ6.
1206 2941 1237 2985 el
1258 2949 1300 2985 re·

256 3015 391 3070 cantiones
406 3025 468 3086 post
480 3016 544 3071 sen.
564 3007 708 3084 dederunt,
726 3020 884 3074 moderata
898 3022 1043 3073 orationis
1056 3019 1300 3088 pronuntiatione

255 3100 331 3153 nulla
353 3098 410 3154 fide
433 3102 599 3155 censendum
624 3112 679 3168 est3
706 3117 761 3156 666
786 3107 855 3158 6616
879 3105 918 3157 116
942 3104 994 3158 Gn.
1012 3103 1038 3156 3.
1063 3102 1156 3171 (quem
1178 3101 1211 3155 A.
1236 3101 1300 3154 61611

255 3183 364 3253 Banu),
381 3185 431 3239 sed
441 3186 645 3241 moderationi
657 3192 802 3243 orationis
813 3191 1073 3260 pronuntiatione.-
1089 3185 1300 3256 interpolatione

255 3276 359 3341 nperta.
380 3299 426 3311 -·
445 3270 641 3343 conclusione]
667 3272 845 3342 confusione
862 3273 913 3327 Gn.
932 3274 959 3328 3.
984 3272 1033 3343 Lg.
1059 3272 1163 3324 36666.
1191 3277 1218 3322 et
1238 3285 1299 3322 var.

255 3363 286 3408 nt
302 3356 344 3409 34.
365 3364 393 3409 et
410 3355 470 3422 93.-,
493 3357 521 3408 16
544 3357 640 3424 quibus
665 3366 707 3411 eat
731 3361 955 3411 constructione.
981 3359 1086 3411 36666.
1112 3357 1129 3407 4
1151 3372 1179 3409 v.
1206 3362 1236 3407 61
1257 3352 1301 3408 93.

236 3440 280 3494 5.
304 3440 329 3494 6.
356 3440 396 3494 13.
425 3439 463 3495 ln.
489 3440 529 3495 15.
554 3436 593 3496 161
619 3441 661 3496 39.
686 3442 728 3497 31.
748 3442 789 3497 35.
814 3442 856 3497 36.
880 3439 922 3497 65.
947 3443 990 3496 67.
1011 3440 1053 3495 69.
1074 3439 1116 3494 79.
1136 3441 1178 3494 73.
1196 3438 1238 3494 84.
1257 3437 1300 3492 86.

256 3528 470 3599 compositione
494 3525 535 3579 76.
559 3542 586 3578 v.
611 3527 685 3580 613.
721 3525 860 3596 Explicuit
880 3525 934 3579 boc
956 3526 1049 3578 nescio
1073 3525 1131 3594 qnls
1154 3527 1182 3576 ln
1206 3522 1257 3593 Lg.
1275 3524 1300 3577 4.

250 3612 469 3662 comminutione
490 3606 651 3666 uerborum.
694 3610 885 3664 Conclusione
908 3611 990 3680 igitur
1011 3626 1133 3662 meorum
1157 3607 1209 3661 Gn.
1231 3610 1253 3662 l.
1275 3607 1301 3662 3.

256 3692 308 3763 Lg.
332 3693 371 3749 17.
395 3694 438 3746 33.
462 3692 504 3746 33.
527 3694 570 3748 81.
595 3727 631 3738 -
663 3695 812 3749 imitanda
827 3693 1078 3766 —suseipiendaJ
1102 3697 1133 3746 in
1159 3692 1304 3762 utrobique

246 3776 377 3828 zadditnm
393 3776 488 3829 sustuli
507 3779 655 3832 seecundum
672 3778 723 3850 ng.
737 3780 762 3833 3.
782 3782 806 3834 4.
824 3780 863 3833 13.
882 3777 924 3834 33.
943 3778 984 3832 36.
1005 3779 1098 3848 priore
1115 3777 1178 3830 loco
1196 3777 1303 3830 addidit

257 3852 292 3914 61.
308 3875 363 3911 see.
383 3860 448 3913 164.
468 3860 556 3914 altero
574 3861 602 3915 in
619 3863 699 3918 232.
725 3864 758 3919 V.
779 3864 917 3934 explicati.
937 3862 1004 3917 661.
1020 3863 1046 3928 3,
1066 3862 1106 3916 13.
1126 3891 1162 3902 -
1182 3859 1303 3915 crebrae
1406 3911 1409 3924 ,

259 3948 422 4013 acutaeque
444 3947 619 4016 sententiae]
650 3949 690 4000 sic
714 3949 837 4002 ordinem
863 3949 989 4002 usitatum
1006 3955 1112 4002 acutae
1130 3945 1305 4014 crebraeque

187 4064 189 4069 ·
259 4028 359 4082 inverti
375 4030 522 4083 secundnm
543 4031 621 4084 codd.
642 4049 843 4098 mennonium,
868 4041 895 4085 et
912 4033 952 4085 616
974 4033 1027 4084 6161
1047 4032 1169 4102 oportuit
1195 4029 1306 4082 nomine

241 4112 380 4185 vgenerali
397 4116 590 4188 praecedente,
608 4117 721 4188 speciali
732 4116 922 4190 subsequente.
935 4145 972 4158 —
990 4116 1063 4191 quid
1079 4111 1304 4185 admirabiliter]
