2968 4596
421 327 479 396 DE
509 327 739 398 ORATORE
768 329 1008 400 1131111110.
1169 337 1235 407 20

181 496 381 585 Pythagorei
415 518 523 565 omnes
558 510 650 586 atque
679 498 860 567 Democritii
892 503 1050 590 ceterique
1081 504 1149 569 iure
1179 523 1237 571 suo

186 617 313 705 physici
339 616 536 684 vindicarent
560 621 663 684 ornati
687 617 829 684 homines
850 620 883 684 in
904 620 1036 687 dicendo
1059 632 1237 705 etgraves,

187 736 373 822 quibuscum
399 735 457 800 tihi
484 737 565 802 iusto
592 746 789 802 sacramento
817 737 1003 803 contendere
1030 758 1093 804 non
1114 738 1235 823 liceret.

67 850 72 855 ’
186 852 351 938 Urgerent·
379 863 545 939 praeterea
579 853 832 940 philosophorum
864 873 979 939 greges
1011 858 1074 921 iam
1107 855 1146 921 ab
1177 855 1235 922 illo

186 971 273 1036 fonte
295 982 326 1036 et
347 972 449 1057 capite
474 968 623 1050 Socrate3
651 971 730 1036 nihil
756 982 786 1038 te
813 971 852 1037 de
875 970 967 1039 bouis
989 972 1083 1038 rebus
1105 975 1138 1038 in
1159 977 1234 1051 vito,

119 1109 121 1112 ⁴
184 1087 266 1155 nihil
295 1089 332 1155 de
361 1089 470 1166 malis,
502 1088 581 1154 nihil
608 1089 646 1155 de
675 1091 771 1155 animi
796 1089 1057 1176 permotionibus,
1089 1089 1167 1157 nihil
1194 1090 1234 1157 do

183 1207 344 1272 hominum
365 1206 519 1283 moribus,
549 1205 626 1272 nihil
654 1207 692 1272 de
714 1209 836 1272 ratione
857 1210 941 1274 uitae
965 1207 1129 1284 didicisse,
1155 1207 1234 1275 nihil

187 1327 314 1391 omnino
337 1327 517 1411 quaesisse,
543 1323 621 1390 nihil
643 1327 725 1391 scire
748 1322 984 1391 convincerent&
1011 1334 1042 1390 et
1071 1345 1140 1391 cum
1165 1328 1234 1391 uni·

184 1432 273 1508 versi
294 1444 326 1508 in
340 1453 370 1508 te
386 1446 530 1529 impetum
546 1442 710 1519 fecissent,
734 1453 796 1507 tum
818 1441 962 1526 singulae
985 1443 1126 1509 familiae
1148 1442 1234 1509 litem

184 1558 247 1624 tibi
268 1561 469 1626 intenderent.
517 1557 569 1650 43
595 1558 730 1625 Instaret
750 1559 938 1637 Academia,
965 1580 1059 1647 quus,
1088 1560 1234 1647 quioquid

191 1677 344 1754 dixisses,
369 1678 402 1742 id
420 1688 451 1742 te
472 1679 575 1764 ipsum
595 1697 714 1761 negare
737 1686 874 1761 cogeret.
917 1674 1017 1743 Stoici
1037 1698 1113 1744 vero
1134 1680 1234 1744 nostri

191 1794 430 1897 disputationum
460 1815 587 1861 suarum
621 1804 713 1880 atque
746 1795 1024 1877 interrogationum
1053 1794 1177 1881 laqueis
1202 1805 1233 1861 te

186 1914 339 1978 irretitum
365 1924 513 1979 tenerent.
557 1911 759 1999 Peripatetici
791 1921 894 1977 autem
925 1913 1019 1977 etiam
1047 1912 1127 1979 haee
1153 1914 1232 1999 ipsa,

143 2057 145 2062 ·
187 2046 267 2115 qtroe
289 2033 416 2118 propria
438 2041 595 2098 oratorum
615 2039 707 2118 putes
730 2048 802 2095 esse
826 2029 1004 2096 adiumenta
1025 2040 1117 2117 etque
1138 2050 1231 2097 orna-

185 2159 289 2213 menta
310 2148 449 2226 dicendi,
478 2168 499 2215 a
520 2169 554 2214 se
575 2151 639 2235 peti
660 2150 820 2214 vincerent
842 2158 1001 2234 oportere:
1033 2168 1071 2215 ac
1092 2169 1156 2216 non
1178 2169 1231 2215 so-

186 2352 308 2420 o'stendit
330 2367 485 2435 exemplum
507 2364 616 2421 Divers.
637 2365 711 2420 Xlll.
733 2364 773 2420 77.
796 2396 832 2406 -
866 2366 1051 2420 otndtcorent
1076 2365 1126 2437 Lg.
1145 2367 1170 2420 1.
1191 2366 1231 2421 13

186 2450 232 2502 33.
245 2450 290 2502 35.
304 2449 349 2502 36.
366 2450 395 2503 Ζ.
415 2450 529 2518 aliique,
550 2467 661 2518 quorum
677 2451 775 2505 notitia
793 2452 897 2504 incerto
915 2461 970 2516 est,
989 2452 1141 2518 eodemque
1159 2450 1233 2503 ducit

190 2533 361 2597 trtdicnrcnt
389 2534 415 2585 iu
440 2532 492 2589 Gu.
510 2533 534 2587 3
555 2533 604 2603 113.
624 2535 640 2586 3
662 2552 730 2590 corr.
755 2535 948 2589 venditarent.
967 2562 1003 2574 —-
1041 2534 1154 2601 ornati]
1178 2550 1232 2586 onr.

185 2616 238 2688 Lg.
258 2617 283 2672 3.
303 2618 330 2669 dt
345 2617 406 2672 odd.
429 2618 469 2671 13.
487 2617 522 2672 33
544 2618 717 2675 11111136-
752 2619 899 2685 homines]
921 2634 973 2671 om.
993 2616 1043 2687 ug.
1061 2615 1134 2669 XXl.
1156 2616 1234 2669 boni·

185 2719 240 2771 qtue
259 2721 368 2769 omues,
387 2703 458 2757 Vici.
477 2703 508 2757 Z.
528 2723 553 2758 n.
573 2704 615 2771 6.,
634 2706 708 2774 quod
724 2705 831 2758 mirere.
850 2732 887 2744 -
920 2701 1105 2773 potentorum]
1125 2700 1233 2753 divisim

184 2786 234 2858 Lg.
254 2787 278 2841 3.
298 2786 341 2842 67.
360 2786 402 2842 69.
424 2788 465 2843 76.
488 2788 527 2843 73
548 2788 591 2843 81.
609 2789 651 2843 86.
672 2790 715 2843 itt.
732 2816 768 2830 -2-
803 2792 882 2843 insto
899 2787 1098 2855 sacramento]
1121 2789 1233 2839 cortem

184 2879 406 2926 sacramentnm
432 2873 484 2927 Gn.
507 2874 529 2928 1.
549 2876 574 2928 3.
591 2900 629 2915 —
664 2873 742 2928 ntttt
760 2875 799 2942 te]
825 2880 854 2927 te
875 2888 926 2928 om.
952 2871 1001 2944 hg.
1020 2871 1046 2928 6.
1067 2871 1112 2927 lu·
1127 2871 1169 2925 15.
1189 2871 1230 2927 73.

182 2956 225 3010 63.
244 2986 280 2996 -
312 2957 559 3030 permotionibrer]
583 2958 855 3031 perturbationibus
877 2958 1042 3030 Lg.17.-·-
1077 2957 1231 3012 contende·

183 3042 268 3108 rent]
291 3043 479 3097 incenderent
499 3042 548 3114 ng.
569 3043 612 3097 65.

183 3148 186 3153 >
271 3127 311 3180 43.
348 3128 499 3197 quicquid]
518 3129 558 3180 sic
576 3127 628 3182 Gu.
643 3127 666 3182 1.
685 3126 734 3198 Lg.
749 3127 814 3181 XXl
832 3127 951 3197 bonique
969 3143 1009 3197 pr.
1024 3126 1065 3182 76.
1080 3154 1116 3168 -·
1140 3126 1174 3180 td
1190 3127 1230 3194 te]

181 3208 237 3264 inv.
258 3210 310 3289 lig²
328 3211 369 3265 15.
387 3241 423 3253 ·-
457 3228 568 3283 neqore
587 3214 714 3284 coperet]
735 3212 784 3283 ng.
806 3230 899 3266 omnes
919 3229 959 3282 pr,
979 3211 1004 3266 3.
1023 3212 1047 3266 l.
1069 3211 1108 3265 13.
1128 3210 1168 3265 15.
1187 3210 1231 3266 33.

180 3293 224 3348 36.
246 3294 288 3350 76.
308 3304 335 3348 et
359 3293 412 3351 Ox.
450 3300 527 3350 sotre
545 3304 682 3367 creparet,
707 3306 736 3351 ut
759 3297 785 3349 iu
804 3314 855 3368 mg.
874 3297 946 3350 Vlct.
968 3295 1104 3350 additum:
1130 3312 1231 3349 memo·

180 3378 267 3431 rabili
281 3381 429 3450 scripturo,
455 3398 526 3450 quae
550 3383 573 3434 si
595 3391 709 3452 recepto
729 3389 816 3447 esset,
844 3399 923 3435 nemo
943 3381 1037 3434 melius
1055 3380 1230 3436 desideraret.

138 3496 143 3503 ·
180 3470 303 3517 necaret
325 3464 374 3536 ng.
395 3465 435 3520 13.
454 3466 490 3520 33
510 3482 580 3520 corr.
599 3467 630 3521 Ζ.
653 3473 775 3538 neparet
795 3473 926 3538 cuperet,
948 3465 983 3519 36
1002 3481 1071 3521 corr.
1095 3474 1123 3519 ut
1141 3473 1159 3521 t.
1180 3482 1230 3519 ne·

180 3555 269 3618 paret
286 3550 367 3602 etiam
385 3548 436 3604 Gu.
454 3552 480 3605 3.
499 3568 573 3621 supr.
590 3569 641 3606 scr.
661 3552 696 3607 ol.
715 3568 750 3606 m.
770 3556 854 3607 scire.
873 3578 908 3591 ω-
935 3549 1231 3620 interropattontdnr-

181 3634 249 3701 que]
274 3639 304 3686 et
328 3637 468 3707 interrop.
495 3634 545 3707 Lg.
564 3635 606 3691 33.
624 3664 660 3677 κ-
695 3638 856 3704 irretitum]
880 3639 1034 3690 inretitum
1057 3633 1107 3705 Lg.
1126 3633 1168 3688 33.
1185 3633 1231 3690 65.

182 3715 225 3769 70.
252 3717 292 3772 73.
314 3745 350 3759 —
385 3721 488 3788 etiam]
515 3726 544 3774 et
567 3719 617 3792 ng.
643 3720 683 3774 15.
708 3738 760 3774 om.
785 3720 818 3774 76
845 3720 907 3776 add.
934 3721 977 3775 81.
1001 3719 1044 3774 84.
1069 3718 1110 3773 86.
1135 3717 1178 3772 93.
1195 3746 1232 3759 -

179 3807 271 3872 putas
289 3804 365 3871 esse]
384 3811 522 3876 putasses
541 3804 592 3860 Gu.
611 3806 637 3859 3.
658 3805 694 3860 U.
712 3805 811 3860 Peare.
847 3805 906 3859 Alli·
917 3806 1026 3874 quidum
1041 3809 1181 3876 potores,
1201 3812 1232 3856 ut

180 3883 247 3940 Ern.
259 3916 296 3926 —
321 3904 340 3940 a
354 3889 397 3956 se]
415 3890 455 3943 sic
468 3888 517 3961 Lg.
531 3907 641 3956 omues,
659 3890 694 3946 U.
708 3891 742 3945 sl.
762 3890 931 3946 (16.31εεθ.
947 3919 982 3929 -
1005 3888 1164 3954 simoneni]
1184 3886 1230 3940 dt-

181 3976 281 4025 cerent
299 3970 351 4026 Gn.
364 3974 389 4028 3.
408 4001 444 4015 -
468 3976 547 4042 istis]
564 3976 661 4046 scripsi
678 3992 714 4030 ex
731 3975 781 4046 ng.
793 3974 818 4030 3.
833 3974 859 4029 6.
874 3975 907 4027 13
921 3990 990 4026 corr.
1004 3966 1054 4027 36.Ι
1086 3973 1125 4025 tn
1143 3970 1168 4024 5.
1189 3969 1234 4024 16.

183 4054 223 4109 17.
242 4054 284 4109 34.
304 4055 346 4110 65.
368 4057 410 4113 70.
428 4058 470 4113 73.
507 4057 567 4114 ten
587 4059 687 4115 7681.
725 4060 797 4114 Rell.
816 4058 878 4120 his,
902 4066 932 4110 ut
948 4057 1022 4121 vulg.
1046 4081 1081 4095 ψ-
1122 4052 1230 4111 omnis]

182 4139 220 4191 sie
238 4138 289 4211 Lg.
308 4140 333 4195 3.
356 4141 395 4200 13.
414 4141 449 4196 33
467 4158 537 4197 corr.
557 4139 601 4198 36,
911 4186 913 4189 ,
