2968 4596
444 204 496 240 ρ’·

265 390 287 436 ιι
617 364 620 373 ’
639 367 926 437 rennuente.

265 542 336 613 ucri
363 540 467 611 simile
494 551 559 611 est.
621 538 741 613 lniurIe
775 542 877 635 igitur
909 541 962 612 vir
994 541 1140 636 quemvis
1172 540 1308 637 diligens

263 690 537 787 bergomensium,
564 693 618 787 qui
638 716 702 764 nou
721 694 807 765 ultra
824 693 1028 765 fundamento
1046 693 1174 765 futurae
1195 692 1308 765 editio·

264 846 315 916 nis
339 843 499 937 parandae
521 845 754 937 processissem
783 845 889 917 emnia
915 846 1113 939 exemplaria
1135 858 1201 917 tem
1226 847 1307 949 cuti·

264 1019 445 1093 quaquam
471 999 617 1067 recentia
647 996 680 1065 in
707 995 870 1070 mendosis
897 955 1112 1091 vulgatorum.
1130 985 1318 1069 loeis'iere.

263 1149 349 1219 inter
369 1172 407 1218 sc
433 1170 506 1219 cum
526 1147 939 1241 vulgatisqueconscntire
960 1147 1055 1240 dixit,
1080 1161 1117 1220 ut
1135 1161 1307 1243 propterca

234 1300 435 1393 'castigatio
469 1299 579 1369 exiis
606 1299 672 1392 peti
705 1322 770 1369 non
786 1300 912 1393 possit.
966 1298 1039 1372 Nee
1066 1323 1109 1371 ex
1135 1298 1307 1394 Casperiei

262 1450 404 1523 Berzizii
429 1449 633 1544 Bergomatis
668 1451 701 1520 in
734 1450 912 1545 supplendo
947 1448 1105 1523 Cicerone
1139 1410 1305 1522 conamine

261 1603 318 1696 (vi
340 1602 481 1697 Legem.
510 1600 594 1694 apul
614 1601 789 1673 Bandinum
815 1602 840 1672 l.
864 1625 897 1672 e.
927 1603 1090 1697 eſsee.)
1117 1615 1207 1674 recte
1232 1604 1304 1698 quis

260 1754 395 1849 colliget
433 1753 534 1825 libros
570 1766 705 1824 veteres
738 1754 871 1824 lacunas
914 1753 1002 1824 illius
1038 1752 1174 1825 hominis
1210 1776 1306 1824 mauu

261 1884 481 2000 interpolando
506 1907 654 1999 expletas
681 1908 874 1976 monstrare.
926 1904 1043 2000 Neque
1071 1907 1156 1976 enim
1181 1904 1213 1975 id
1237 1905 1306 1998 egit

261 2057 448 2149 flaminius,
469 2069 506 2127 ut
524 2053 715 2127 Ciceronem
738 2057 807 2127 suis
826 2055 1044 2128 immiscendis
1064 2036 1303 2148 corrumperet,

260 2233 321 2280 nee
348 2207 562 2279 additamenta
595 2208 650 2278 ille
683 2209 716 2279 in
746 2207 838 2279 libris
872 2206 1151 2302 aLegomersino
1178 2207 1303 2278 collatis

260 2383 398 2456 usquam
431 2383 505 2430 eum
533 2357 644 2430 verbis
672 2356 841 2431 Ciceronis
870 2359 1127 2448 confunduntur,
1162 2358 1221 2429 scd
1246 2371 1305 2430 eut

258 2514 292 2584 in
319 2512 465 2606 margine
492 2511 615 2605 scripte
648 2512 794 2584 eutelio
822 2535 918 2583 manu
951 2525 1008 2582 eut
1040 2511 1148 2605 eliqua
1180 2509 1302 2615 librarii

258 2679 335 2737 note
358 2663 509 2735 distincte
535 2677 634 2734 sunt:
674 2687 709 2733 v.
738 2679 869 2735 nostros
897 2663 1143 2735 commentarios
1170 2662 1301 2747 criticos

257 2775 300 2888 al
322 2816 351 2887 1.
371 2816 439 2907 os,
463 2815 550 2889 ιιι.
578 2814 621 2885 u.
647 2816 712 2907 st,
736 2816 823 2886 133.
849 2814 906 2887 ur.
929 2817 994 2905 co,
1019 2816 1107 2885 ror.
1159 2808 1310 2885 Plurima·

223 3038 226 3044 ,
256 2980 367 3039 eutem
400 2977 621 3036 correctorum
653 2965 867 3058 additamento
899 2965 1053 3038 librorum
1086 2966 1301 3061 antiquiorum

258 3143 328 3212 epe·
353 3117 496 3206 sustuli,
530 3140 666 3212 querum
698 3119 868 3212 potissime
899 3142 976 3190 mox
1003 3110 1200 3212 epponem(
1228 3115 1301 3188 Nec

257 3271 335 3343 illud
367 3293 482 3341 verum
508 3293 582 3341 esse
609 3270 742 3341 concedi
767 3241 898 3364 potest,
935 3269 1020 3364 quod
1046 3268 1300 3340 chriohscnius

256 3392 292 3518 e.
321 3421 373 3494 X.
411 3421 569 3511 affirmet,
610 3445 673 3516 que
709 3423 813 3517 magis
854 3421 893 3492 ab
929 3422 1020 3492 initio
1055 3419 1129 3492 libri
1167 3419 1299 3492 secundi

141 3654 144 3657 ,
256 3574 463 3670 procedetur,
491 3597 530 3644 eo
554 3574 744 3645 vitiosiores
771 3598 847 3645 esse
873 3538 1018 3646 colicos.
1072 3571 1145 3668 Ego
1172 3586 1300 3645 centre-

255 3728 339 3798 rium
361 3727 465 3821 reperi
487 3727 581 3820 paulo
602 3725 748 3820 pluribus
775 3726 965 3797 emendandi
991 3724 1144 3797 subsidiis
1171 3714 1326 3795 adiutus‘

249 3903 316 3950 ,nee
332 3879 495 3968 ¹minorem
517 3879 663 3949 locorum
689 3892 914 3975 corruptorum
938 3898 1108 3949 numerum
1131 3878 1186 3949 illa
1208 3889 1300 3971 perte

255 4030 364 4123 operis
400 4053 442 4099 cx
478 4029 569 4101 libris
605 4032 736 4124 scriptis
774 4030 936 4102 emendari
972 4054 1071 4124 posse
1090 4081 1092 4087 ·
1114 4028 1297 4100 estendam.

254 4182 322 4257 Imo
357 4194 504 4256 extreme
537 4195 628 4275 perte
667 4180 740 4252 libri
781 4184 875 4274 primi
909 4181 1098 4254 emendandi
1129 4181 1299 4276 negotium
