2876 4612
265 313 361 387 666
639 306 915 377 cressonis
945 288 951 301 ’

262 458 331 547 rum
360 479 463 556 ustis,
492 477 552 544 sed
575 476 742 545 uerborum
772 488 804 545 et
836 477 1059 544 6666666666
1089 475 1183 543 modo
1210 476 1327 543 inter-

261 607 392 698 punctas
423 593 584 663 clausulas
618 597 653 659 iu
677 594 882 662 orationibus·
899 613 972 659 esse
1000 592 1182 672 voluerunt,
1214 593 1324 679 idque
1412 668 1413 673 .

178 782 181 801 ,
263 718 409 802 princeps
429 686 587 779 Isocrates
613 713 786 778 instituisse
812 711 924 788 iertur,
952 720 985 775 ut
1010 711 1201 777 inconditam
1230 713 1324 775 anti·

264 851 394 918 quorum
412 828 537 896 dicendi
560 828 814 894 consuetudinem
833 828 1051 894 delectationis
1074 837 1166 913 atque
1188 829 1321 892 aurium

265 967 365 1014 causa
381 949 486 1033 (quem
506 932 687 1010 admodum
709 945 819 1010 scribit
839 944 1010 1030 discipulus
1032 945 1102 1009 cius
1117 940 1320 1025 Naucrates)

227 1078 235 1133 t
265 1065 404 1131 numeris
427 1064 625 1145 astringeret.
668 1060 740 1127 174.
760 1058 902 1146 Namque
923 1060 1003 1126 baec
1025 1061 1086 1127 dno
1107 1061 1236 1137 musici,
1261 1061 1321 1145 qui
1413 1078 1414 1121 ι

264 1190 355 1247 erant
382 1178 538 1265 quondam
568 1177 671 1243 eidem
695 1186 827 1264 potitae,
859 1156 1034 1245 machinati
1054 1178 1105 1243 ed·
1120 1176 1317 1262 uoluptatem

265 1307 350 1375 sunt,
376 1315 502 1363 uersum
528 1304 620 1379 atque
648 1303 791 1372 cantum3
816 1303 850 1359 ut
876 1304 907 1359 et
931 1276 1098 1362 verborum
1123 1313 1256 1359 numero
1283 1300 1318 1358 et

262 1434 374 1482 uocum
404 1412 497 1479 modo
532 1410 741 1477 delectatione
771 1412 933 1477 vincerent
969 1413 1091 1477 aurium
1122 1413 1314 1477 satietatem.
1381 1400 1414 1483 J

244 1518 354 1599 111666
382 1532 477 1614 igitur
504 1528 582 1620 duo,
607 1531 697 1597 vocis
725 1528 797 1595 dico
820 1528 1067 1595 moderationem
1092 1538 1124 1595 et
1143 1527 1315 1594 verborum

228 1669 233 1687 ¹
265 1648 517 1724 conclusionem,
550 1646 654 1731 quoad
680 1646 833 1713 orationis
864 1647 1019 1713 severitas
1043 1648 1109 1732 pati
1132 1653 1257 1731 posset,
1290 1663 1314 1709 a

264 1768 390 1853 poetica
411 1765 453 1830 ad
472 1762 682 1849 eloquentiam
698 1763 892 1830 traducenda
909 1762 1068 1837 duxerunt.
1101 1761 1173 1828 175.
1195 1759 1231 1826 ln
1249 1781 1311 1847 quc
1414 1832 1415 1835 ,

264 1882 345 1949 illud
370 1890 419 1947 est
445 1881 625 1959 maximum,
648 1880 745 1969 quod,
772 1899 884 1945 versus
907 1880 941 1944 in
962 1880 1105 1945 oratione
1127 1880 1156 1943 si
1177 1877 1312 1944 eflicitur

243 1999 482 2071 'coniunctione
510 1996 702 2075 verborum,
725 1998 834 2063 uitium
860 2005 909 2061 est
941 2006 972 2061 et
1000 2005 1106 2062 tamen
1136 2014 1207 2061 eam
1233 2013 1310 2061 con-

263 2117 455 2181 iunctionem
486 2113 577 2176 sicuti
602 2131 729 2177 uersum
760 2131 927 2179 numerose
953 2112 1067 2178 cadere
1094 2122 1125 2177 et
1152 2111 1306 2197 quadrare

264 2239 296 2297 et
320 2228 427 2318 perlici
447 2228 599 2295 volumus.
642 2225 751 2317 Neque
779 2238 828 2295 est
854 2248 893 2295 ex
913 2229 1018 2297 multis
1044 2249 1096 2295 res
1122 2248 1199 2306 una,
1227 2247 1304 2313 quoe

265 2489 342 2551 puto.
378 2479 448 2534 Post
465 2485 587 2534 noemae
604 2480 713 2534 additor
730 2496 822 2535 causa
839 2480 867 2533 in
884 2478 934 2550 ng.
949 2478 1013 2533 M
1034 2477 1075 2532 15.
1092 2477 1135 2532 nt.
1151 2476 1194 2534 67.
1209 2477 1252 2531 86.
1269 2477 1305 2531 ita

264 2580 337 2618 corr.
356 2563 414 2629 324
434 2581 490 2618 non
508 2565 611 2635 inepte,
627 2565 678 2619 sed
695 2582 750 2617 non
768 2564 931 2618 necessario.
943 2591 979 2603 -
996 2561 1168 2635 dtsctpobss]
1186 2561 1228 2616 ad
1244 2562 1304 2615 dis·

259 2649 398 2721 ’61661666
420 2647 514 2719 1663.
534 2647 574 2703 13.
594 2649 636 2703 36.
673 2648 852 2721 discipulum
874 2646 968 2718 hqd.
995 2646 1091 2701 (16.3.
1115 2645 1198 2716 bique
1220 2647 1303 2700 eidem

266 2732 466 2796 Naucratem,
494 2732 678 2786 memorabilis
709 2733 859 2802 scriptura,
887 2747 943 2783 uon
970 2730 1113 2799 probanda
1140 2740 1231 2785 tomen
1255 2730 1304 2783 nisi
1416 2726 1417 2729 ’

265 2816 354 2871 eiecto
372 2819 497 2869 6166-
521 2817 715 2886 astrtnqeret]
733 2817 773 2870 sic
793 2816 846 2871 Gu.
863 2815 886 2870 l.
905 2813 956 2885 [lg.
974 2815 1126 2887 66661615.
1146 2814 1187 2870 13.
1206 2815 1248 2869 tu.

351 2950 409 3004 171.
445 2947 554 3015 eidem]
574 2949 671 3018 scripsi
693 2958 804 3003 secutus
823 2948 875 3018 Lg.
892 2949 917 3003 3.
937 2949 963 3003 4.
984 2948 1165 3005 13166666.
1185 2950 1219 3004 33
1236 2967 1300 3015 corr.

265 3041 295 3087 ut
308 3034 334 3086 3.
349 3035 392 3089 36.
405 3032 448 3086 86.
477 3031 568 3084 idest
584 3032 608 3085 3.
624 3033 666 3086 67.
693 3033 774 3086 idom
791 3032 842 3103 Lg.
854 3033 890 3088 X.
910 3032 980 3085 Vict.
998 3032 1050 3086 Gu.
1064 3032 1087 3086 1.
1102 3035 1127 3088 3.
1141 3063 1175 3073 -
1192 3051 1302 3089 verm

265 3123 354 3184 atque
370 3114 501 3181 cantum]
518 3130 653 3168 66666666
670 3122 760 3185 atque
773 3123 913 3170 canutum
930 3116 983 3171 Gu.
995 3116 1021 3170 3.
1039 3126 1068 3170 et
1087 3116 1136 3188 bg.
1151 3117 1243 3172 XVlll
1257 3118 1301 3171 sed

264 3200 354 3257 nullus
371 3216 407 3253 ex
420 3198 594 3253 notabilibus.
618 3215 736 3254 sorsum
753 3200 793 3254 13.
812 3200 847 3256 33
859 3217 930 3254 corr.
943 3217 1086 3255 uersuum.
1100 3200 1143 3255 36.
1170 3208 1301 3255 carduum

263 3284 297 3339 33
310 3301 365 3339 sec.
381 3301 416 3338 ιιι.
429 3312 465 3325 ·-
484 3289 513 3336 et
530 3281 695 3352 uerborum]
713 3290 742 3337 et
760 3301 813 3338 om.
832 3282 882 3354 166.
898 3294 1011 3353 preeter
1025 3285 1068 3341 81.
1083 3285 1137 3350 at,
1154 3284 1220 3339 item
1236 3285 1299 3364 Vlcq

265 3368 357 3431 (16.3.
385 3369 479 3437 Saepe
497 3366 617 3420 additum
637 3368 718 3422 stab
737 3366 896 3432 editoribus,
914 3368 1067 3441 elegantius
1085 3370 1188 3439 661666
1206 3371 1300 3432 616666

263 3469 349 3523 66666
366 3452 495 3504 omissum
513 3451 612 3505 iniuria
629 3469 647 3505 a
663 3452 796 3518 librariis,
820 3458 850 3505 ut
866 3450 956 3504 adbuc
974 3469 1069 3522 purum
1087 3462 1255 3522 compertum
1270 3454 1301 3507 slt
1416 3454 1417 3467 ³

265 3534 331 3603 quid
353 3534 381 3587 iu
399 3533 453 3586 lucc
469 3550 571 3605 genere
588 3536 736 3606 scriptores
755 3534 807 3590 sibi
823 3534 906 3587 licere
923 3535 1096 3590 crediderint.
1116 3565 1152 3578 —
1181 3536 1300 3592 delecto·

265 3618 357 3685 tione]
377 3625 491 3689 propter
506 3618 586 3671 binos
603 3618 752 3689 ablativos,
771 3634 886 3686 quorum
902 3618 991 3673 altero
1008 3636 1064 3675 non
1081 3619 1222 3675 videretur
1239 3637 1301 3690 opos

264 3719 341 3767 esse,
364 3702 468 3757 6661616
488 3700 682 3769 6166661166,
707 3701 860 3767 (1618616,
882 3711 1040 3772 corruptum
1060 3710 1191 3774 putarunt
1209 3702 1299 3759 Mucll

266 3784 316 3841 0r.
347 3786 423 3840 Libri
446 3802 541 3839 omnes
563 3785 682 3852 babsut3
704 3803 761 3841 uon
781 3785 846 3841 sctis
864 3786 932 3840 scite
951 3785 1076 3843 dsiendit
1091 3786 1177 3841 fleur.
1207 3788 1242 3843 V.
1260 3805 1300 3841 en·

262 3871 434 3944 plicatioues.
447 3899 484 3911 —-
502 3872 685 3938 satietatem]
703 3872 882 3924 suauitatem
899 3869 984 3937 multi,
1001 3871 1053 3925 ssd
1069 3860 1220 3927 doteriores
1237 3871 1299 3936 libri,

264 3955 338 4026 qood
358 3953 510 4024 proiectum
529 3971 547 4007 6
564 3954 700 4024 scripturo
718 3957 901 4011 societatem.
936 3952 1014 4009 llaec
1037 3962 1080 4009 est
1101 3954 1199 4025 16166
1220 3954 1258 4010 13.
1275 3961 1299 4008 st

263 4037 304 4090 ix
322 4038 398 4102 aliis,
422 4038 486 4089 item
510 4036 562 4090 Gu.
582 4036 607 4090 3.
628 4063 665 4078 -
690 4038 813 4108 posset]
838 4039 977 4108 vulgatum
994 4042 1099 4109 possit
1121 4039 1157 4092 ab
1174 4037 1241 4092 Ern.
1262 4055 1298 4095 ts-

262 4119 356 4177 lictum
370 4119 468 4185 miror,
491 4133 552 4173 cnm
576 4134 610 4173 su
631 4119 767 4175 sententio
789 4136 850 4175 cum
868 4121 956 4177 verbo
980 4120 1130 4181 tuomet
1150 4122 1297 4192 contracto
