2942 4608
392 316 453 385 DE
480 314 709 384 ortunae
737 314 861 383 [lusa
882 312 919 382 11.
942 317 993 383 to.
1124 317 1216 391 U

174 488 258 575 quod
284 488 524 553 ministratorem
550 496 688 579 peteres,
720 505 784 551 non
810 483 1034 551 aduersarium.
1082 481 1130 550 Ex
1156 486 1217 569 qdo

175 608 269 671 etiam
291 604 369 670 iliud
391 623 557 689 assequor,
585 614 631 681 ut,
659 604 685 668 si
713 605 782 687 quis
804 600 880 668 mihi
901 600 984 667 male
998 601 1104 679 dieat,
1130 613 1219 689 peta·
1325 669 1333 678 ,

175 723 246 787 iens
264 731 316 787 aut
330 721 422 807 plane
445 724 576 787 insanos
598 740 671 787 esse
686 719 839 785 videatur.
875 719 948 784 306.
970 717 1006 783 in
1020 720 1098 804 ipsis
1115 731 1217 787 autem

175 841 364 924 argumentis
395 840 424 904 si
452 838 525 922 quid
550 839 694 923 posueris
728 846 780 902 aut
813 846 918 922 aperte
949 836 1065 903 falsum
1094 847 1146 903 ant
1176 840 1215 915 ei,

69 972 104 1003 π
175 957 256 1042 quod
277 957 395 1023 dixeris
424 954 599 1020 dicturusve
626 958 687 1032 sis,
714 956 903 1020 contrarium
931 963 983 1019 aut
1008 973 1125 1038 genere
1146 957 1217 1041 ipso
1296 948 1299 956 ⁴

173 1072 323 1140 remotum
356 1071 408 1136 ab'
427 1091 487 1136 usu
519 1071 703 1137 iudiciorum
736 1090 775 1136 ae
802 1071 892 1136 toro:
925 1040 1217 1138 nihiiue⁸nooeast

101 1173 103 1176 ’
174 1191 258 1270 Quid
279 1189 396 1255 multet
424 1191 525 1253 omnis
551 1208 628 1255 cura
653 1208 727 1253 mea
748 1187 829 1253 solet
856 1189 889 1257 in
908 1186 969 1255 hoo
989 1191 1112 1254 versari
1134 1209 1217 1254 sem-

174 1328 231 1395 per
257 1307 376 1389 (dicam
402 1308 485 1371 enim
512 1305 668 1391 saepius){
701 1306 730 1369 si
756 1307 889 1390 possim,
920 1315 953 1370 ut
980 1305 1056 1371 boui
1070 1305 1218 1381 ,efficiam

175 1424 296 1510 aliquid
318 1423 471 1500 dioend03
494 1425 522 1487 si
543 1422 577 1487 id
598 1424 713 1499 minus,
735 1431 769 1486 ut
789 1432 873 1488 certe
894 1443 934 1489 ne
957 1423 1031 1508 quid
1052 1423 1137 1489 mali.
1192 1472 1194 1479 .

177 1570 180 1575 ¹
259 1524 404 1606 LXXVI.
441 1539 514 1605 307.
545 1537 653 1624 Itaque
674 1528 761 1605 'nune
787 1538 863 1605 iiiuc
889 1540 998 1618 redeo,
1026 1537 1151 1619 Catule,
1183 1542 1216 1607 in

175 1679 237 1745 quo
262 1662 297 1723 t'u
322 1676 371 1722 me
393 1655 487 1742 paulo
514 1666 584 1721 aute
606 1655 779 1733 laudabas,
808 1656 849 1721 sd
870 1655 1012 1722 ordinem
1032 1656 1216 1724 collocatio·
1334 1690 1336 1697 ·

176 1794 307 1860 nemque
326 1793 429 1839 rerum
452 1793 490 1839 ao
506 1772 656 1850 locorum,
679 1774 767 1840 ouius
784 1775 866 1838 ratio
889 1783 937 1838 est
956 1773 1081 1859 duplex:
1106 1774 1216 1852 alters.

176 1912 270 1980 quam
292 1889 381 1958 affert
400 1900 513 1958 natura
535 1880 714 1968 causarum
742 1890 856 1968 altera,
884 1910 964 1976 quae
991 1900 1148 1958 oratorum
1168 1893 1217 1957 iu·
1286 1895 1290 1903 '
1329 1924 1331 1930 ι
1370 1982 1373 1989 Ι

176 2011 259 2079 dicio
281 2019 312 2075 et
331 2008 496 2098 pmdeutia
517 2005 723 2096 eomparatur.
759 2004 839 2075 Nam
861 2018 893 2074 ut
915 2007 1034 2096 aliquid
1057 2019 1127 2077 ente
1149 2030 1216 2076 rem

174 2223 301 2300 ‹lents-
327 2242 532 2315 obturandum]
552 2236 776 2313 obturffeoerom
793 2242 843 2318 Lg.
862 2245 887 2299 6.
904 2273 940 2284 -
968 2246 1216 2315 ministratorem]

175 2349 223 2383 me
242 2335 393 2384 oratorem
410 2327 489 2381 codd.
508 2328 613 2397 aliquot
630 2327 771 2394 Lambini,
789 2346 841 2399 mg.
855 2330 881 2383 d.
901 2328 951 2399 Lg.
970 2330 995 2383 3.
1015 2329 1057 2383 69.
1078 2338 1105 2381 et
1124 2346 1140 2380 a
1158 2345 1217 2381 eor-

78 2396 94 2411 ⁵
174 2410 286 2468 rectore
303 2414 328 2465 4.
346 2412 405 2478 32,
425 2411 488 2464 edd.
501 2411 579 2485 ¹Lott.
598 2411 694 2483 steph.
712 2443 748 2452 -
772 2415 923 2482 assequor]
942 2412 1089 2482 adsequor
1106 2411 1155 2483 Lg.
1177 2411 1216 2465 13.

60 2530 65 2534 -
174 2499 218 2552 65.
238 2498 281 2550 67.
299 2496 340 2550 76.
361 2496 402 2550 73.
420 2523 455 2536 ·-
482 2500 510 2550 st
526 2498 603 2565 quis]
624 2501 652 2550 st
668 2501 719 2566 qui
739 2495 791 2568 Lg.
810 2497 852 2550 13.
872 2496 913 2550 17.
931 2496 974 2550 20.
992 2496 1035 2550 23.
1052 2494 1095 2548 24.
1113 2496 1155 2550 35.
1173 2495 1216 2550 65.

177 2583 220 2636 70.
239 2582 280 2636 73.
309 2580 419 2633 sunctum
442 2579 494 2634 su·
508 2581 551 2634 ss.
576 2580 618 2636 so.
652 2580 692 2635 ut
716 2581 837 2651 priores,
861 2599 880 2633 a
903 2598 974 2635 eoa.
992 2579 1045 2643 15.
1068 2584 1097 2634 ss
1122 2581 1162 2635 m
1182 2566 1218 2621 έ-

175 2667 256 2721 mete
281 2665 381 2732 dieat]
410 2664 449 2718 sic
474 2665 581 2721 divisim
604 2664 656 2736 Lg.
677 2666 720 2722 67.
741 2665 785 2720 to.
809 2665 852 2719 84.
875 2666 937 2719 soii.
962 2696 992 2705 -
1022 2665 1123 2738 plone]
1147 2681 1218 2717 sane

77 2797 89 2811 .
174 2752 229 2806 Gn.
251 2748 277 2806 'l.

261 2835 322 2890 306.
349 2838 378 2888 st*
386 2834 471 2903 quid]
485 2835 594 2902 quidam
607 2836 724 2891 iunctim.
733 2862 767 2875 —-
780 2836 930 2908 posueris]
939 2838 1075 2907 posuerit
1085 2833 1135 2906 Lg.
1148 2837 1173 2889 4.
1183 2861 1218 2874 --

177 2920 357 2986 distortione]
377 2919 510 2971 dicturus
524 2937 560 2971 ne
576 2918 626 2990 Lg.
642 2912 667 2975 5.
686 2919 720 2974 32
732 2937 803 2974 corr.
820 2920 861 2974 69.
877 2920 919 2974 st.
946 2920 1082 2989 dicturus
1097 2937 1131 2972 oe
1146 2918 1217 2974 vict.

177 3004 224 3058 Ne
242 3002 274 3057 ee
297 3021 353 3073 que
375 3002 402 3055 in
426 3019 482 3055 non
507 3003 587 3056 nullis
605 3004 679 3058 libris
703 3012 860 3063 constanter
881 3023 898 3058 a
917 3005 1052 3059 venabulo
1075 3005 1219 3075 principali

174 3095 345 3158 separantur.
364 3115 399 3153 5-
431 3103 467 3139 ae
487 3085 557 3156 foro
572 3118 608 3128 —-
624 3088 731 3157 multa]
750 3089 824 3143 hose
846 3108 905 3143 oum
928 3090 1025 3144 mediis
1049 3107 1100 3152 om.
1121 3090 1172 3144 Gn.
1191 3078 1217 3144 3.

176 3168 227 3243 Lg.
246 3173 271 3226 4.
292 3171 332 3226 13.
352 3170 385 3224 32
403 3171 467 3226 add.
486 3171 528 3226 36.
545 3202 579 3212 -
607 3175 739 3245 saeptus]
760 3192 812 3228 om.
832 3174 884 3229 Gn.
902 3174 927 3230 3.
945 3205 981 3216 -
1005 3178 1034 3228 st
1047 3176 1175 3247 possim]
1191 3179 1219 3253 st

170 3274 296 3330 possum
315 3255 365 3327 Lg.
384 3255 409 3311 2.
433 3256 475 3311 69.
500 3256 543 3312 81.
562 3257 604 3312 33.
623 3254 663 3296 -’
689 3257 758 3311 bont
774 3258 906 3327 effictam
925 3258 1055 3328 aliquid]
1079 3258 1219 3328 vulgatum

176 3342 299 3394 ordinem
316 3339 388 3394 bont
405 3340 520 3411 aliquid
538 3342 671 3411 effictam
689 3342 796 3395 correxi
815 3351 844 3395 nt
860 3342 991 3394 iubebant
1008 3341 1058 3412 ng.
1072 3341 1097 3397 2.
1112 3342 1136 3398 3.
1152 3342 1176 3396 5.
1191 3334 1215 3396 6.

177 3425 217 3480 13,
238 3424 278 3479 14.
299 3424 340 3479 15.
361 3423 400 3480 16.
421 3424 462 3479 17.
486 3425 528 3479 20.
547 3426 590 3479 21.
607 3426 650 3480 23.
674 3425 715 3480 32.
735 3425 777 3481 36.
801 3425 844 3479 69.
864 3425 906 3479 70.
926 3425 967 3478 73.
986 3425 1028 3479 76.
1052 3426 1094 3479 84.
1113 3425 1155 3480 86.
1174 3424 1217 3482 93.

177 3509 247 3565 Vict.
276 3508 328 3561 Gn.
347 3508 372 3563 2.
390 3508 416 3562 3.
452 3508 521 3562 boat
543 3510 591 3580 effi
614 3527 730 3581 semper
753 3509 868 3578 altqutd
889 3510 913 3563 4.
938 3539 971 3547 ——
1005 3513 1033 3564 st
1054 3509 1087 3562 td
1108 3511 1217 3577 mimus]
1318 3578 1321 3585 .

175 3588 316 3663 uulgatum
340 3596 386 3647 sin
410 3594 520 3646 correxi
544 3611 579 3646 ex
600 3592 651 3663 Lg.
675 3593 799 3645 omnibus
822 3601 933 3662 praeter
956 3592 996 3647 13.
1021 3593 1061 3648 15.
1086 3595 1127 3648 76.
1153 3595 1218 3646 item

175 3674 247 3728 Viot.
267 3674 399 3736 (1623.
416 3705 451 3714 -
470 3693 507 3730 me
525 3678 596 3746 quet
612 3676 704 3742 meli]
722 3692 780 3728 nors
795 3675 872 3729 meli
887 3675 936 3747 Lg.
950 3677 976 3733 2.
988 3676 1019 3731 ’4.
1039 3677 1081 3730 13.
1098 3677 1131 3731 32
1147 3693 1217 3735 corr,

176 3774 236 3811 mort
254 3759 328 3811 ittet
348 3759 400 3813 Gu.
416 3759 444 3813 3.
734 3792 737 3797 -

261 3875 387 3930 LXXVI.
423 3876 482 3931 307.
518 3876 598 3945 illue]
623 3879 698 3932 ittet
721 3878 771 3952 ng.
794 3880 898 3934 2oorr.
922 3880 963 3935 24.
990 3880 1024 3936 32
1041 3897 1111 3934 corr.
1149 3834 1219 3934 truse

173 3965 224 4032 (z
237 3961 343 4029 illunc)
361 3963 392 4015 4.
400 3961 435 4016 32
448 3978 517 4016 corr.
537 3971 657 4033 uterque.
673 3997 704 4006 -
723 3966 827 4037 paulo]
845 3966 884 4019 sic
897 3965 947 4035 Lg.
961 3980 1055 4018 omnes
1068 3973 1179 4035 praeter
1192 3964 1216 4016 5.

176 4048 240 4100 item
257 4046 330 4102 vtes.
361 4045 412 4102 Gn.
432 4045 457 4101 3.
475 4074 511 4086 -—
542 4049 834 4120 collocutionemque]
858 4050 966 4104 eoatoe.
982 4044 1041 4117 ‚Lg.
1062 4047 1102 4102 70.
1123 4047 1164 4101 73.
1182 4074 1219 4087 -

177 4131 300 4201 tudteto]
313 4133 425 4189 tadtet'o
437 4131 488 4204 Lg.
503 4132 542 4189 15.
556 4163 591 4173 -
613 4136 818 4206 eomparatur]
833 4137 1018 4204 eomparatur
1030 4129 1081 4196 Lg.
1091 4129 1117 4183 2.
1129 4129 1171 4181 32.
1183 4153 1217 4165 -
1333 4126 1336 4133 '
