2968 4596
219 264 330 374 'ao'
575 303 580 308 ·
642 270 911 369 orcsn'ours

250 471 385 579 cupienti
406 474 499 581 atque
520 471 650 537 instanti
671 473 858 559 saepissime
879 489 1031 556 negasse,
1057 479 1091 536 ut
1116 480 1179 536 tute
1201 429 1295 559 paolo

251 575 323 653 ante
350 588 466 654 dixisti.
519 587 611 667 Quod
638 608 698 672 ego
727 609 791 654 non
817 587 965 676 superbia
991 608 1092 673 neque
1122 587 1297 654 inhumani-

215 693 218 697 ’
251 715 315 771 tate
348 705 507 772 faciebam
537 724 638 791 neque
677 725 737 791 quo
768 716 888 772 tuot
860 706 962 772 studio
994 707 1172 771 rectissimo
1205 694 1315 792 atque

252 825 365 910 optimo
396 843 461 888 non
492 821 625 908 obsequi
655 822 790 899 vellem,
822 824 1008 909 praesertim
1042 842 1110 889 cum
1140 832 1171 887 te
1205 816 1305 888 unum

253 961 293 1006 ex
318 938 461 1005 omnibus
494 938 535 1004 ad
562 939 726 1005 dicendum
758 941 890 1005 maxime
918 950 1024 1005 natum
1053 950 1215 1026 aptumque
1245 961 1299 1006 co·
1322 966 1338 983 '-

251 1076 418 1142 grossem,
445 1056 502 1122 sed
528 1076 577 1121 me
603 1031 738 1122 Hercule
765 1058 856 1121 istius
885 1058 1102 1143 disputationis
1129 1057 1300 1122 insolentia

252 1184 344 1260 atque
373 1192 481 1238 earum
506 1192 627 1250 rerum,
661 1191 741 1259 quae
768 1176 860 1258 quasi
888 1163 925 1239 'in
952 1182 1018 1238 arte
1045 1172 1220 1251 traduntur,
1251 1175 1299 1238 in-

251 1283 352 1358 scitia.
397 1290 468 1355 100.
496 1287 577 1354 Turn
600 1288 707 1357 Cotta:
734 1288 889 1368 Quoniam
911 1291 957 1367 id,
980 1290 1063 1379 quod
1084 1289 1300 1357 difficillimum

170 1468 174 1476 ,
251 1407 344 1474 nobis
369 1406 547 1486 videbatur,
579 1418 611 1472 ut
639 1409 764 1473 omnino
796 1408 835 1473 de
864 1407 914 1473 his
941 1407 1050 1484 rebus,
1085 1405 1218 1485 Crasse,
1251 1408 1300 1474 lo-

253 1545 400 1612 quente,
435 1527 573 1591 assecuti
600 1545 721 1602 sumus,
754 1525 793 1591 de
825 1524 948 1611 reliquo
979 1525 1043 1590 iarn
1069 1534 1178 1589 nostra
1207 1525 1301 1611 culpa

254 1643 360 1721 fuerit,
395 1643 424 1708 si
449 1650 494 1718 te,
528 1644 591 1708 nisi
619 1645 739 1721 omnia,
771 1662 851 1729 quae
879 1617 1052 1729 percontati
1082 1643 1212 1719 erimus,
1244 1662 1300 1707 ex-

251 1759 396 1848 plicatis,
424 1759 643 1826 dimiserimus.
693 1760 764 1826 101.
790 1758 838 1825 De
864 1759 914 1824 his
943 1758 1038 1826 credo
1065 1758 1176 1836 rebns;
1195 1761 1302 1845 'inquit
1352 1804 1355 1813 «

254 1876 405 1954 Crassus,
436 1854 469 1942 ut
500 1878 533 1941 in
565 1876 755 1945 cretionibus
787 1876 884 1943 scribi
918 1876 1015 1954 solet,
1051 1895 1166 1951 oureus
1200 1855 1301 1941 somn

255 2012 459 2068 rorsnoous.
509 1991 590 2058 Τιιιιι
618 1993 688 2059 ille:
721 1991 801 2058 Nam
833 1993 916 2079 quod
945 2003 979 2059 tu
1010 2013 1073 2058 non
1101 1995 1220 2080 poteris
1250 2004 1302 2063 aut

343 2244 400 2300 100.
436 2245 589 2316 qnoniam]
607 2240 663 2316 p'm.
682 2246 734 2300 Gn.
750 2245 775 2301 3.
786 2273 822 2288 ·-
845 2246 882 2299 de
896 2244 943 2300 leis
960 2245 1060 2316 rebus]
1079 2213 1118 2299 iis
1135 2244 1186 2317 Lg.
1200 2245 1242 2301 03.
1252 2245 1300 2300 36.

254 2332 297 2386 ob.
317 2330 359 2384 70.
378 2330 419 2384 73.
439 2330 480 2383 76.
510 2329 598 2384 rebus
615 2348 668 2385 orn.
689 2330 728 2385 14.
752 2331 791 2385 15.
822 2330 928 2385 Crasse
943 2330 1031 2385 rcbns
1047 2332 1072 2385 4.
1084 2359 1121 2371 »-
1139 2329 1301 2401 loquerere]

256 2415 416 2489 loquereris
434 2413 486 2484 Lg.
505 2413 555 2486 Lg.
576 2417 601 2471 4.
619 2443 653 2456 —-
679 2415 823 2486 assecuti]
842 2417 978 2470 adsecuti
993 2417 1043 2486 Lg.
1065 2415 1104 2469 13.
1125 2415 1167 2470 65.
1187 2415 1229 2469 70.
1248 2432 1300 2470 οιιι.

257 2501 297 2556 15.
325 2502 479 2569 ossopnntt
496 2499 536 2554 17.
551 2500 593 2556 81.
607 2530 643 2541 —
654 2500 841 2574 percontati]
860 2503 899 2555 sic
919 2511 966 2555 aot
980 2504 1155 2573 percontati
1172 2509 1219 2553 aut
1234 2518 1303 2572 per·

256 2589 372 2639 notanti
387 2583 438 2655 Lg.
458 2584 673 2655 XlX,quoru1n
693 2586 733 2641 13.
753 2586 787 2638 30
805 2587 858 2656 (pr.
875 2585 925 2654 nr.)
942 2586 984 2641 36.
1004 2586 1046 2639 65.
1066 2584 1108 2638 60.
1128 2584 1171 2638 03.
1189 2612 1225 2626 ο-
1250 2602 1302 2638 eto·

243 2738 245 2745 .
252 2669 392 2743 plicuris]
414 2648 563 2742 espiscori
579 2670 629 2742 Lg.
651 2671 690 2725 l7.
726 2670 921 2745 explicaveris
940 2670 982 2727 00.
1002 2671 1040 2723 ita
1056 2686 1128 2722 corr.
1145 2668 1187 2723 01.
1206 2699 1243 2710 -
1308 2660 1313 2669 ’

342 2775 400 2829 101.
437 2773 474 2826 de
491 2772 551 2842 bio]
569 2773 742 2828 obiiciendae
760 2776 912 2845 scripturae
925 2792 941 2827 ιι
953 2774 1032 2827 codd.
1047 2773 1184 2844 plerisque
1198 2780 1226 2825 et
1238 2772 1301 2826 edd.

255 2867 380 2913 retentae
399 2874 484 2911 causa
501 2855 557 2910 don
575 2867 646 2913 erat.
683 2857 731 2912 bis
751 2858 802 2930 Lg.
817 2848 934 2929 ¹praeter
950 2859 993 2912 03.
1012 2858 1053 2912 04.
1074 2857 1115 2911 35.
1134 2856 1176 2911 36.
1196 2857 1238 2911 65.
1258 2857 1300 2911 70.

256 2943 298 2997 73.
318 2942 360 2996 76.
391 2941 482 3014 flavo.
502 2940 524 2995 1.
543 2959 571 2996 v.
589 2943 789 3013 explicationes
806 2944 841 2996 ad
859 2942 891 2998 ll.
910 2944 957 3009 15,
975 2944 1019 2997 64.
1043 2971 1079 2984 —-
1110 2940 1304 3012 cretionibus]

256 3028 415 3081 coniectura
437 3026 589 3079 certissima
607 3018 706 3081 Fraus.
727 3027 853 3081 Duareni
869 3029 917 3084 lib.
935 3026 966 3082 ll.
986 3028 1085 3098 disput.
1101 3027 1198 3082 anniv.
1218 3045 1241 3081 c.
1260 3027 1303 3081 40.

256 3109 415 3166 confirmari
439 3109 537 3163 dicitur
559 3111 621 3163 cod.
640 3111 670 3164 Z.
694 3110 752 3165 uer.
771 3113 792 3167 1.
819 3111 878 3168 nrt.
899 3130 940 3183 pr.
962 3130 997 3165 ιιι.
1022 3120 1049 3164 et
1073 3112 1113 3164 sio
1135 3111 1220 3182 vulgo
1241 3120 1305 3181 post

256 3197 340 3251 Grnt:
360 3194 489 3248 Meorum
508 3193 597 3248 nullus
614 3194 706 3251 habet.
736 3196 869 3250 Proxime
888 3196 967 3251 abest
981 3194 1154 3250 coitionibus
1172 3197 1200 3248 in
1212 3195 1304 3251 Hovn.

258 3282 280 3336 l.
299 3280 324 3336 0.
351 3279 412 3335 Pal.
430 3279 455 3334 3.
473 3281 499 3334 4.
517 3280 541 3334 s.
561 3279 585 3334 7.
604 3288 629 3350 p.
658 3280 708 3352 ng.
729 3281 753 3335 0.
776 3281 877 3335 1365.
913 3281 966 3334 Alii
986 3279 1161 3334 certioribus
1181 3279 1260 3349 (Pal.
1280 3280 1303 3335 l.

255 3367 281 3421 0.
305 3366 376 3420 ond.
407 3363 459 3419 Gn.
483 3364 500 3417 0
523 3365 588 3433 al),
613 3364 820 3419 incertioribus
843 3365 908 3435 (Gu.
936 3365 959 3420 l.
983 3382 1039 3418 non
1062 3363 1252 3428 certioribus,
1276 3373 1307 3418 ut

255 3450 340 3504 Henr
358 3449 434 3517 dicit)
458 3448 643 3503 cantionibus
662 3451 690 3503 in
709 3466 761 3504 scr.
782 3448 983 3505 creationibus
998 3449 1069 3503 Vict.
1090 3450 1126 3518 (is
1145 3456 1187 3503 est
1204 3447 1306 3501 Mona-

254 3533 498 3601 censisHarlesii)‚
515 3531 790 3602 crassionibusffiu.
803 3533 852 3602 3.‚)
871 3532 1064 3597 orationibus,
1079 3530 1306 3586 conditionibus.

256 3618 342 3688 nam]
365 3619 405 3671 sic
423 3617 474 3689 ng.
491 3617 516 3672 0.
535 3618 560 3672 3.
579 3621 604 3673 4.
625 3619 664 3673 13.
683 3618 718 3670 03
736 3617 785 3687 (ad
803 3619 868 3690 mg)
887 3619 928 3674 30.
948 3618 990 3672 35.
1009 3617 1052 3672 36.
1072 3616 1115 3670 67.
1134 3617 1206 3670 Viet.
1232 3616 1305 3672 Rell.

255 3720 422 3772 nampaes.
440 3718 564 3772 nonque.
582 3720 609 3758 v.
626 3703 813 3773 explicattoe-
831 3700 1000 3774 impudens]
1019 3700 1192 3773 imprudens
1210 3699 1263 3754 Gn.
1278 3700 1305 3754 0

256 3787 308 3858 hg.
331 3787 437 3841 icorr.
462 3787 487 3840 3.
512 3789 618 3840 dcorr.
648 3787 687 3842 17
711 3787 753 3841 67.
777 3787 820 3841 81,
840 3787 882 3840 84.
908 3787 951 3841 86
973 3788 1012 3839 ito
1035 3802 1107 3840 corr.
1133 3785 1176 3838 30.
1211 3782 1308 3837 Verba

255 3870 443 3944 postulet—
469 3886 579 3940 nepore
601 3887 768 3942 posseom.
795 3870 959 3925 (103.-
988 3867 1174 3938 condicione]
1198 3868 1306 3937 scripsi.

257 3955 390 4024 Proxime
418 3953 577 4008 obsuntl7.
597 3954 639 4007 00.
658 3953 700 4008 03.
720 3954 861 4020 cornill,
885 3954 914 4007 in
941 3955 1038 4026 quibus
1060 3953 1254 4007 condictione
1271 3980 1308 3991 -

258 4037 381 4119 nepare]
401 4052 526 4107 nepasse
533 4020 594 4106 Lg.
611 4036 653 4089 60.
670 4065 706 4077 ·-
723 4037 956 4109 perconternini]
976 4040 1016 4091 sie
1033 4036 1085 4107 ug
1102 4037 1229 4106 plerique
1247 4036 1308 4106 (pr.

259 4105 285 4179 3‘.
304 4125 329 4177 4.
350 4122 388 4175 17.
407 4119 450 4176 05.
468 4119 511 4174 67.
531 4118 572 4173 70.
591 4119 634 4173 81.
650 4119 696 4189 85)
723 4120 775 4176 Gu
793 4121 818 4176 3.
843 4121 915 4177 Vict.
935 4123 970 4190 (is
987 4137 1097 4191 semper
1114 4119 1174 4187 ito).
1213 4118 1255 4177 ln
1266 4120 1307 4176 17.
