2980 4602
395 367 455 434 ou
484 366 712 465 ounrouu
739 366 984 439 lusarca
1123 372 1208 445 rao
1308 314 1311 321 ‚

165 536 300 625 simplex
324 538 405 604 ratio
428 539 570 604 veritatis
597 538 728 604 lerobat.
771 538 901 606 Paulum
927 540 999 607 huic
1022 539 1132 607 Couae
1156 544 1211 631 tri·
1329 546 1335 559 ‘

164 656 234 721 buit
259 656 391 742 partium
417 655 626 725 disertissimo
660 655 855 722 adolescenti
885 661 1003 725 sororis
1029 676 1108 745 suae
1134 658 1210 725 ilio.
1240 732 1243 739 .

163 770 251 838 Dixit
281 776 355 840 item
387 793 516 840 oausam
547 773 637 848 illam
669 774 805 859 quadam
837 794 875 839 ex
903 785 991 861 parte
1020 774 1057 855 Q.
1085 775 1236 842 Mucius·

165 910 252 956 more
275 911 332 955 suo
354 892 440 957 nullo
464 901 616 977 apparatu
635 908 711 976 pure
734 900 765 956 et
786 889 932 956 dilucide.
972 893 1046 956 230.
1069 890 1211 970 Quodsi

163 1017 198 1073 tu
216 1018 304 1085 tuuc,
333 1006 465 1085 Crasse,
492 1009 644 1085 dixisses,
672 1011 725 1093 qui
747 978 921 1074 subsidium
943 1011 1061 1075 oratori
1083 1009 1209 1076 exiliis

164 1125 445 1212 disputationibus,
480 1124 592 1211 quihus
625 1124 803 1212 philosophi
833 1136 972 1205 utuntur,
1012 1119 1057 1193 ad
1085 1128 1210 1193 dicendi

165 1226 289 1329 copiam
309 1242 474 1328 petendurn
496 1263 568 1308 esse
590 1243 684 1328 paulo
707 1252 778 1308 ante
802 1243 945 1321 dicebas,
972 1254 1003 1311 et
1025 1246 1054 1309 si
1075 1243 1131 1309 tibi
1152 1264 1209 1330 pru

163 1359 198 1425 P.
227 1359 345 1447 Rutilio
376 1380 440 1425 non
470 1359 726 1446 philosophorum
757 1381 862 1438 more,
895 1361 951 1426 sed
982 1371 1035 1427 tuo
1067 1361 1211 1428 licuisset

163 1477 291 1544 dicere:
331 1478 473 1562 quamvis
506 1477 652 1542 scelerati
686 1477 736 1541 illi
767 1477 917 1554 luissent,
953 1481 1045 1545 sicuti
1077 1479 1209 1556 suerunt,

162 1583 308 1682 pestiferi
336 1597 423 1658 cives
451 1593 664 1679 supplicioque
691 1593 794 1676 digni,
824 1603 928 1659 tamen
954 1615 1075 1660 ornnem
1102 1613 1210 1661 eorum

165 1713 430 1798 importunitatem
452 1730 491 1774 en
516 1712 633 1773 intimis
656 1709 809 1774 ruentibus
837 1709 998 1775 evellisset
1017 1712 1069 1776 rel
1093 1715 1210 1778 oratio-

161 1831 215 1895 uis
248 1837 344 1905 tuae3
378 1844 459 1892 nuno
491 1826 566 1891 talis
591 1828 641 1891 vir
672 1805 808 1891 amissus
840 1835 906 1903 est,
941 1826 1011 1890 dum
1044 1847 1141 1908 causa
1167 1831 1212 1894 ito

163 1946 290 2022 dicitur,
323 1955 356 2009 ut
387 1946 416 2009 si
447 1946 480 2009 in
509 1944 567 2009 illa
594 1943 811 2009 commenticia
836 1942 978 2009 Platonis
1006 1945 1211 2011 civitatores

165 2072 319 2148 ageretur.
369 2058 467 2127 Nemo
490 2063 654 2146 ingemuit,
681 2082 772 2127 uerno
798 2062 980 2153 inclamavit
1000 2071 1210 2147 patronorum,

163 2180 242 2250 nihil
256 2182 399 2265 cuiquam
417 2179 526 2256 doluit,
541 2199 632 2245 nemo
649 2189 697 2245 est
713 2188 852 2265 questus,
865 2200 956 2246 nemo
972 2181 1209 2267 rempublicam

164 2298 354 2385 imploravit,
381 2278 473 2386 uerno
495 2296 689 2382 supplicavit.
734 2294 816 2374 Quid
838 2296 958 2363 multat
985 2296 1096 2382 pedem
1117 2317 1208 2362 nemo

120 2492 122 2496 Α
165 2418 201 2484 in
221 2415 278 2483 illo
301 2414 415 2483 iudicio
439 2399 603 2503 supplent,
630 2415 742 2491 credo,'
763 2434 804 2482 ne
827 2411 945 2479 Stoicis
967 2416 1205 2479 renuntiaretur.

164 2649 189 2703 1.
204 2648 230 2702 2.
256 2647 346 2701 Havn.
360 2646 384 2700 l.
409 2645 458 2718 Lg.
478 2646 502 2702 5.
523 2648 622 2703 1415.
644 2645 678 2702 16
697 2663 767 2701 corr.
788 2645 830 2700 35.
843 2646 891 2700 57,
909 2644 944 2697 69
957 2661 1026 2701 corr.
1048 2646 1089 2700 76.
1110 2645 1153 2700 81.
1168 2645 1211 2700 dh

163 2733 207 2793 86.
222 2734 265 2788 93.
286 2733 359 2789 vict.
375 2731 463 2790 Hahn.
485 2733 528 2787 ed.
547 2751 569 2789 s.
587 2734 605 2788 l.
625 2742 653 2786 et
669 2751 693 2787 a.
720 2730 797 2785 Med.
816 2733 841 2784 1.
869 2729 939 2784 lunt.
958 2728 1031 2783 Crat.
1054 2738 1082 2782 et
1101 2729 1211 2785 delendi

165 2836 248 2888 posse
269 2826 348 2888 putat
366 2814 510 2887 Grattius„
523 2819 597 2887 quod
619 2817 683 2871 milri
702 2833 812 2889 quoque
832 2815 957 2881 videtur,
981 2815 1032 2868 etsi
1049 2815 1213 2873 adversator

163 2903 248 2959 llenr.
275 2903 309 2957 V.
329 2902 525 2977 explicationes
543 2904 579 2956 ad
596 2901 615 2957 1.
630 2903 674 2968 30,
694 2901 750 2957 136.
775 2902 845 2956 Rell.
863 2900 925 2954 llbrl
944 2899 1048 2955 noluit.
1069 2933 1099 2942 -
1119 2901 1212 2969 ratio]
1268 2896 1270 2902 '

163 2988 204 3043 sic
227 2987 277 3058 ug.
304 2987 531 3046 1511171173.
553 2987 595 3047 86.
616 2987 684 3043 lunt.
704 2987 781 3042 Man.
813 2987 868 3040 Alii
887 2989 993 3039 oratio.
1018 3017 1049 3031 ψ
1074 2987 1210 3059 paulum]

164 3073 204 3126 sic
228 3072 280 3143 hg.
308 3070 403 3127 omnes
421 3080 534 3142 praeter
555 3073 580 3131 3.
600 3072 625 3125 5.
647 3072 816 3146 'paululum
835 3071 886 3125 Gu.
906 3072 932 3125 2.
953 3098 984 3110 -—
1016 3070 1211 3139 adolescenti]

91 3212 95 3217 ,
166 3155 295 3216 annuero,
328 3156 380 3227 ng.
401 3156 429 3213 5.
458 3157 498 3213 rr.
522 3157 566 3212 oo.
593 3158 635 3213 ro.
660 3156 701 3213 ra
726 3157 768 3212 oo.
796 3189 826 3225 -,
866 3143 1028 3228 apparato]
1045 3157 1213 3243 ”apparare

44 3362 52 3375 .
249 3325 309 3380 230.
346 3325 425 3395 paud
442 3327 487 3392 st]
504 3324 543 3379 sic
559 3324 608 3395 Lg.
620 3316 723 3381 ‘omues
741 3333 852 3395 praetor
869 3325 923 3391 65.‚
940 3326 967 3377 lu
987 3305 1101 3392 qli-deut
1119 3339 1212 3396 quos„

85 3435 93 3441 ·
162 3411 227 3467 item
249 3410 345 3481 Steph.
370 3409 441 3465 lunt.
467 3410 539 3465 Crat.
559 3398 637 3464 Man.
655 3409 749 3464 hamb.
770 3408 845 3464 Grut.
882 3410 962 3480 Apud
984 3408 1068 3463 Gron.
1094 3419 1126 3462 et
1144 3406 1211 3467 Ero.

163 3495 207 3550 ed.
227 3495 250 3552 l.
270 3502 360 3551 exstat
376 3496 454 3564 quid.
492 3494 574 3553 Certe
591 3494 777 3566 interrogandi
795 3496 872 3567 signo
893 3494 1019 3565 distingui
1037 3492 1163 3547 debebat.
1179 3524 1210 3539 -ψ

162 3580 245 3646 tunc]
271 3597 349 3632 nune
371 3579 421 3650 ng,
445 3579 531 3635 3.(17.
562 3587 624 3633 ium
648 3580 720 3634 Crat.
745 3578 822 3633 Mau.
849 3597 901 3634 om.
926 3579 995 3634 Vict.
1019 3610 1052 3618 -
1083 3578 1212 3649 oratori]

165 3668 298 3719 oratoris
316 3664 366 3737 ug.
385 3664 427 3719 69.
449 3697 480 3706 -
503 3665 605 3738 paulo]
624 3663 677 3734 lugo
693 3680 787 3719 ornnes
805 3674 916 3733 praetor
933 3665 958 3720 3.
977 3665 1001 3718 5.
1020 3693 1056 3707 -»
1081 3663 1213 3717 timuisset

163 3750 276 3817 dicore]
296 3749 351 3803 inv.
369 3748 420 3820 hg.
440 3749 480 3812 15,
513 3750 631 3804 licuisse
650 3748 701 3802 Gu.
722 3749 746 3803 1.
767 3781 798 3790 -
827 3750 931 3815 utenti]
953 3753 1029 3802 sieut
1048 3747 1098 3818 Lg.
1117 3745 1158 3799 81.
1181 3775 1212 3790 -

164 3836 294 3902 munem]
321 3851 378 3893 ona·
400 3833 450 3904 Lg.
474 3834 517 3890 65.
547 3866 578 3879 -,-
607 3834 689 3900 dum]
714 3851 781 3888 cum
803 3831 851 3904 ug.
878 3833 917 3887 16.
943 3833 983 3886 73.
1018 3839 1082 3886 tam
1105 3830 1148 3889 65.
1171 3828 1212 3889 70.

135 3898 140 3916 ’
163 3936 255 3989 qoam
272 3917 316 3972 ao.
333 3949 369 3961 -
389 3919 511 3986 asertor]
531 3920 614 3972 praa
632 3922 674 3971 sa
694 3918 743 3990 ng.
764 3918 804 3973 rc.
825 3919 865 3973 ro.
886 3918 926 3972 ra.
946 3917 989 3972 aa.
1010 3946 1040 3963 s
1066 3915 1133 3982 rura]
1154 3917 1214 3969 asra

160 4003 214 4075 hg.
233 4003 278 4060 65.
304 4035 335 4048 -,-
368 4007 586 4072 cornmerutteia]
611 4010 753 4063 coement.
778 4002 827 4074 ug.
849 4003 888 4061 14.
911 4002 953 4061 39,
994 4001 1051 4059 Per
1075 4007 1087 4053 t
1110 4012 1214 4062 omnes,

70 4122 75 4126 ·
119 4082 124 4097 ⁸
160 4095 276 4158 praeter
293 4088 318 4143 3.
339 4086 363 4142 5.
384 4086 424 4144 15.
444 4088 486 4142 57.
510 4118 546 4131 -
576 4090 725 4158 culpatam]
752 4091 913 4155 quoiquam
935 4086 985 4154 Lg.
1006 4086 1030 4140 5.
1068 4096 1217 4150 quoquam

86 4202 92 4209 ·
159 4172 267 4230 7186.
305 4175 462 4250 quoipiam
476 4172 537 4239 65,
555 4190 629 4244 quae
645 4188 700 4244 quo
719 4170 828 4235 ducant,
845 4170 940 4231 vides3
959 4166 1010 4220 sed
1028 4172 1057 4219 ut
1074 4177 1146 4216 nune
1164 4167 1215 4222 ost,
