2958 4584
374 338 434 407 uu
462 296 692 407 ounuouu
721 334 847 405 nruuu
868 335 905 405 11.
927 338 979 405 uo.
1102 338 1210 411 m
1270 436 1278 455 Ι

154 520 235 577 sunt
260 520 367 576 mmen
392 519 423 574 et
439 526 485 574 re
510 504 660 574 faciliora
677 516 717 572 et
737 508 913 595 praeceptis
937 520 1125 594 peruagata3
1152 510 1212 578 ille

165 627 312 714 deprome
344 626 439 693 nohis
460 624 550 692 undo
583 622 718 700 aderas,
757 643 837 709 quae
873 627 1059 711 saepissime
1090 637 1210 695 tructas

158 763 348 831 semperque
370 744 532 813 divinitus.
592 740 665 806 iffi.
695 737 884 829 llepromam
911 743 1069 827 equidem,
1102 746 1210 832 inquit,

162 853 285 948 atquo
311 861 439 928 facilius
468 860 501 924 id
531 868 607 924 ato
641 859 780 942 exigam,
812 858 896 944 quod
920 869 1008 946 petot
1038 860 1117 927 nihil
1143 863 1210 941 tilii,

162 998 255 1044 ame
273 978 442 1065 postulanti
462 974 629 1042 recusabo.
661 973 757 1040 Meae
778 977 873 1075 totius
896 979 1048 1044 orationis
1069 990 1100 1045 et
1119 982 1211 1047 istium
1321 1043 1331 1059 ,

160 1098 263 1184 ipsium
284 1094 474 1162 indicendo
492 1092 670 1171 facultatis,
692 1111 785 1178 quam
807 1094 900 1161 nrodo
923 1092 1059 1161 Crassus
1081 1099 1114 1161 in
1136 1116 1211 1164 cue.

158 1213 228 1280 lum
248 1212 355 1279 uerbis
378 1212 499 1289 extulit,
524 1221 590 1277 tres
612 1213 860 1289 mutuationes,
887 1222 920 1277 ut
943 1223 1014 1278 ante
1036 1213 1120 1279 dixi:
1146 1234 1211 1282 una

159 1330 431 1399 conciliandorum
451 1329 622 1405 lominum,
645 1327 747 1393 ultera
767 1328 993 1408 docendorum,
1020 1333 1114 1396 tertia
1135 1351 1211 1398 eou-

160 1448 369 1516 citandorum,
413 1446 487 1512 129.
512 1445 630 1512 Harum
655 1449 747 1510 trium
771 1447 1025 1533 partium-prima
1049 1447 1211 1516 lenitatem

99 1582 103 1587 “
154 1567 332 1643 orationis,
359 1562 500 1630 secunda
527 1547 672 1639 acumen,
702 1564 885 1656 tertiarius
910 1564 1079 1632 desiderat.
1131 1565 1212 1634 Nan

145 1682 225 1753 ,lroc
252 1701 386 1747 necesse
407 1688 475 1758 est,
501 1689 535 1745 ut
555 1680 599 1756 is,
626 1680 679 1764 qui
704 1678 798 1745 nobis
823 1697 952 1746 causam
978 1682 1212 1751 adiudicaturus

164 1801 224 1877 sit,
265 1808 318 1864 aut
348 1797 552 1864 inclinatione
583 1796 753 1863 uoluntatis
783 1797 976 1884 propendeat
1003 1801 1041 1869 in
1070 1820 1130 1866 nos
1163 1811 1216 1868 eut

164 1916 360 1983 defensionis
393 1915 586 1999 argumentis
611 1914 784 1980 adducatur
816 1924 870 1980 ant
897 1918 993 1982 suini
1020 1920 1213 2013 permotione

163 2043 305 2119 cogatur.
349 2031 416 2099 Sed
443 2034 591 2118 quoniam
612 2030 780 2126 illa-pars,
806 2034 841 2098 in
863 2053 924 2119 qua
946 2053 1053 2100 rerum
1074 2036 1212 2124 ipsarum

163 2151 333 2239 explicatio
361 2170 400 2219 ac
427 2149 571 2216 defensio
597 2151 703 2238 posita
729 2160 794 2228 est,
821 2150 945 2241 uidetur
972 2172 1094 2220 omnem
1120 2152 1212 2233 huius
1316 2180 1319 2199 ‹

60 2324 79 2361 ᾖ.
163 2270 291 2353 genum
314 2269 406 2354 quasi
429 2267 602 2336 doctrinam
624 2268 800 2346 continere,
828 2267 866 2334 de
890 2255 1081 2357 caprimum
1102 2270 1213 2358 loque·

254 2481 312 2536 lte.
349 2481 536 2554 depromam]
563 2480 733 2552 deprimam
755 2479 806 2551 hg.
829 2481 930 2549 21.,-
962 2483 1075 2552 inquit]
1099 2483 1215 2537 additor·

165 2566 332 2630 Antonius,
360 2566 433 2634 quod
464 2567 586 2637 expunxi
611 2566 759 2619 secuudum
788 2564 839 2635 Lg.
862 2564 887 2619 2.
911 2567 936 2619 4.
964 2567 1005 2620 13.
1028 2567 1062 2619 32
1082 2567 1144 2621 add.
1169 2566 1212 2622 36.

152 2653 220 2706 rGn.
234 2648 260 2704 3.
281 2669 309 2706 v.
326 2651 465 2721 explicutt.
480 2649 500 2705 l.
515 2649 558 2717 to,
575 2649 619 2703 83.
638 2679 673 2689 -
691 2655 721 2702 et
738 2650 805 2719 quo]
823 2655 853 2702 et
870 2650 950 2719 quod
968 2650 1017 2722 mg.
1038 2633 1077 2707 lt.
1097 2651 1131 2704 32
1144 2668 1217 2707 corr.

165 2736 219 2791 Gn.
237 2736 263 2790 3.
287 2767 318 2777 -
348 2739 436 2789 istius
454 2739 550 2808 ipsius
571 2733 743 2804 facultatis]
771 2735 864 2804 priora
887 2735 942 2787 duo
966 2735 1104 2790 vocabulo
1128 2743 1215 2789 treus·

165 2828 306 2892 ponuntur
327 2821 354 2873 in
379 2819 429 2891 bg.
447 2820 472 2875 2.
492 2819 561 2874 4.·6.
579 2819 620 2873 15.
639 2819 681 2873 67.
706 2834 761 2872 nou
784 2819 913 2873 deterius.
949 2820 1059 2896 Deinde
1083 2838 1153 2893 quae
1176 2821 1215 2874 le·

166 2914 266 2975 guntur
284 2905 371 2960 verbu
385 2909 416 2958 tre
430 2904 556 2958 dicendo
575 2903 610 2957 ab
623 2905 775 2974 interprete
787 2904 913 2974 profecta
930 2905 958 2958 ln
972 2907 1113 2976 scriptoris
1128 2905 1216 2960 verbu

165 2989 311 3059 irrepsisse
335 3007 370 3042 eo
395 2989 506 3043 similius
526 2990 587 3043 veri
608 2996 665 3055 est,
688 2989 762 3057 quod
781 2995 844 3041 aute
864 2993 1011 3044 orationis
1028 3000 1167 3060 ponuntur
1185 2992 1213 3045 in
1323 3036 1332 3041 .
1409 2978 1417 2990 ’

166 3073 257 3127 Havn.
273 3074 297 3128 l.
310 3072 334 3129 9.
353 3073 416 3129 Vet.
436 3062 532 3145 Steplr.
551 3074 582 3129 Z.
595 3094 620 3128 a.
633 3081 659 3141 β.
670 3074 696 3128 d.
710 3092 732 3130 ε.
747 3073 798 3128 Gu.
812 3073 834 3127 l.
848 3072 872 3126 l.
887 3074 911 3129 3.
931 3074 1001 3129 vict.
1022 3073 1072 3147 mg.
1090 3075 1216 3129 omuibus

166 3166 279 3228 praeter
294 3158 320 3213 2.
338 3159 363 3213 4.
384 3157 423 3212 13.
444 3158 484 3214 15.
503 3158 546 3213 67.
567 3158 629 3212 edd.
648 3159 732 3226 antiq.
751 3187 787 3198 —
812 3158 939 3226 caelum]
956 3160 996 3213 sic
1013 3169 1061 3214 aut
1080 3161 1175 3213 celum
1190 3158 1224 3217 e.'

162 3244 269 3307 ‘celena
283 3259 355 3312 quae
368 3243 439 3296 idem
454 3236 618 3314 significant,
629 3241 679 3312 Lg.
690 3241 771 3295 xxti
788 3250 817 3296 et
829 3244 957 3297 meliores
968 3261 1071 3300 omnes.
1099 3245 1214 3300 Potiore

166 3325 220 3380 lroc
243 3345 306 3381 esse
327 3325 385 3380 fide
408 3328 528 3381 ostendit
550 3325 675 3380 Marinus
698 3327 734 3380 ad
756 3327 825 3379 Acta
849 3327 925 3384 fratr.
950 3330 1037 3385 arval.
1058 3347 1085 3401 p.
1106 3329 1167 3386 366.
1187 3335 1215 3383 et

167 3411 226 3467 368.
246 3438 282 3452 —-
307 3419 376 3466 sum
390 3413 536 3480 rationes]
556 3411 617 3465 eidi
631 3416 765 3466 rationes
785 3410 836 3465 Gu.
856 3411 881 3466 3.

166 3526 168 3530 ν
256 3496 313 3551 129.
344 3498 460 3570 prima]
486 3497 582 3550 alteru
605 3495 655 3567 mg.
674 3495 710 3550 36
727 3512 796 3550 corr.
817 3527 848 3538 -
880 3497 1046 3564 lenitatem]
1066 3495 1216 3552 levitatem

167 3579 217 3660 laq.
230 3583 256 3635 4.
267 3580 310 3636 81.
330 3580 383 3636 Gn.
393 3581 419 3635 2.
437 3609 473 3621 -
493 3582 650 3648 orationis]
669 3589 732 3650 post
744 3584 884 3652 partium
900 3582 967 3652 poul
982 3582 1042 3635 vult
1054 3580 1168 3638 Bellus.
1179 3610 1216 3624 ·-

169 3667 207 3733 ie]
232 3683 283 3720 um.
308 3664 358 3737 lig
378 3665 419 3719 76.
456 3669 490 3719 ire
511 3665 559 3719 tto
580 3664 635 3745 ⁸4.
660 3664 708 3718 leis
731 3665 749 3718 8
771 3674 800 3718 et
819 3666 851 3717 17
869 3674 986 3734 uterque
1004 3682 1076 3720 corr.
1095 3695 1131 3708 -
1160 3667 1216 3721 uel·

168 3751 358 3805 iudicaturus
375 3751 426 3818 stt]
445 3750 506 3834 oeli.
525 3757 571 3803 eet
588 3748 637 3819 ng.
658 3749 698 3803 76.
717 3748 759 3802 81.
778 3749 812 3802 84
829 3749 893 3819 (nte
910 3750 1124 3820 adiudicatus).
1144 3750 1215 3806 vict.

169 3834 220 3890 Gu.
239 3834 265 3890 2.
283 3864 319 3875 -
351 3835 558 3901 inclinatione]
584 3834 785 3889 inclinationis
808 3835 879 3889 Vlct.
910 3835 961 3891 Gn.
983 3836 1007 3889 l.
1025 3836 1050 3890 8.
1083 3853 1110 3892 u.
1129 3837 1165 3890 ed
1182 3835 1215 3891 ll.

167 3918 211 3986 ut,
229 3915 287 3974 lid.
307 3951 337 3961 -
367 3918 549 3989 defensante
568 3920 763 3991 arpumentts]
787 3918 958 3989 defensioue
975 3906 1216 3993 arqumetttorem
1299 3928 1302 3937 '

168 4003 217 4075 ng.
237 4005 263 4058 4.
281 4004 418 4074 scriptura
434 4003 626 4059 memorabilis.
645 4034 679 4044 -
703 4005 816 4072 animi]
834 4004 872 4058 ab
891 4010 989 4061 uaimt
1006 4005 1057 4060 Gu.
1077 4005 1102 4060 3.
1119 4036 1155 4047 -
1185 4010 1216 4059 tlt

169 4089 239 4157 quta]
258 4092 290 4143 iro
307 4107 359 4145 om.
380 4089 430 4161 hg.
445 4089 469 4144 l.
484 4090 509 4143 4.
529 4087 554 4142 6.
575 4088 614 4144 13.
634 4089 669 4142 32
681 4090 743 4144 add.
763 4089 805 4144 36.
822 4120 858 4132 -
878 4090 1040 4160 loquemur]
1060 4090 1218 4159 loquamur

170 4170 221 4244 [Β.
238 4173 335 4233 843·-
363 4178 452 4247 quast
472 4181 579 4231 ttotattt
598 4173 707 4231 tumre
728 4175 895 4243 uideamur]
918 4174 958 4228 slc
978 4173 1067 4226 llavu.
1086 4172 1111 4224 i.
1138 4171 1216 4223 Cant.
1274 4208 1281 4211 .
