2938 4590
247 249 347 382 see
495 282 497 291 ’
646 305 909 375 munnours
1006 252 1076 315 Ὗ

245 496 310 543 nna
333 452 464 543 unates
496 474 637 562 reliquae
665 480 868 543 eontinentur.
928 476 999 543 151.
1030 474 1111 543 Nan
1138 480 1291 547 orationis

247 594 372 680 quidem
402 594 495 680 eopia
519 593 660 659 videmus
690 605 725 659 ut
751 594 909 660 abundent
934 593 1126 683 philosophi,
1159 599 1226 683 qui,
1257 607 1291 662 ut
1384 598 1394 603 ’

246 714 358 798 opinor
381 699 464 792 (sed‘
479 721 513 775 tu
539 710 634 789 haee,
662 708 787 788 Catule,
814 712 957 794 melius),
984 713 1073 778 nulla
1098 713 1174 778 dant
1197 734 1290 800 prae-

246 839 338 915 oepta
363 826 488 893 dicendi
518 847 578 893 nee
609 828 728 895 ideireo
755 832 871 907 minus,
904 838 1114 916 quaeeunque
1138 850 1191 895 res
1217 851 1290 916 pro-

245 948 350 1033 posita
380 953 447 1022 est,
479 946 669 1031 suscipiunt,
704 946 743 1012 de
777 967 841 1032 qua
871 949 1002 1033 copiose
1031 957 1063 1013 et
1095 947 1291 1012 abundanter
1390 945 1397 958 “

245 1062 420 1148 loquantur.

330 1175 480 1262 xxxvi.
519 1177 591 1242 152.
623 1177 705 1243 Tum
732 1176 876 1257 Catulus,
902 1177 973 1258 Est,
1002 1183 1113 1266 inquit,
1138 1189 1172 1246 nt
1198 1181 1288 1257 dicis,

162 1323 169 1335 ·
245 1297 377 1373 Antoni,
409 1305 442 1360 ut
472 1293 612 1380 plerique
642 1274 820 1383 philosophi
851 1297 939 1389 nulla
969 1297 1094 1391 trudunt
1121 1308 1290 1385 praecepte

247 1412 372 1480 dicendi
404 1421 435 1476 et
465 1410 603 1476 habeant
631 1424 773 1498 puratum
802 1425 908 1482 tanen
939 1415 1078 1500 quidde
1105 1434 1289 1500 quoquere

246 1531 361 1596 beent.
406 1526 472 1593 Sed
493 1526 698 1607 Aristoteles,
725 1532 754 1595 is
782 1548 873 1615 quem
899 1551 960 1616 ego
987 1533 1120 1597 maxime
1143 1532 1290 1607 admiror,

246 1634 356 1734 posuit·
381 1646 533 1731 quosdam
559 1645 665 1725 locos,
698 1667 737 1712 ex
764 1638 875 1734 quibus
909 1651 1009 1714 omnis
1037 1651 1210 1734 argumenti
1235 1651 1290 1713 via

243 1784 308 1833 non
339 1763 432 1829 modo
465 1762 505 1826 ad
532 1762 786 1850 philosophorum
818 1765 1071 1852 disputationem,
1106 1766 1163 1850 sed
1194 1767 1289 1831 etiam

246 1882 287 1947 ed
312 1880 394 1945 hanc
422 1881 610 1957 orationem,
643 1900 706 1965 qua
732 1883 901 1963 incensis
928 1886 1053 1960 utimur,
1082 1885 1290 1960 inveniretum

244 2017 348 2083 aquo
377 1996 500 2082 quidem
521 1996 645 2062 homine
673 1998 890 2091 iamdudum,
917 1999 1051 2077 Antoni,
1078 2021 1142 2066 non
1163 1999 1290 2066 aberrat

245 2118 347 2183 oratio
373 2124 444 2191 tua,
457 2126 461 2134 '
476 2115 543 2179 sive
574 2125 607 2179 tu
639 2115 840 2182 similitudine
875 2116 962 2182 illius
998 2118 1094 2183 divini
1120 2119 1227 2202 ingeni
1254 2118 1288 2182 in
1388 2144 1396 2154 ·

243 2355 294 2411 sed
315 2368 412 2407 manus
434 2349 556 2406 seeundo
578 2367 680 2406 sumus
702 2337 847 2423 adseriphis
868 2353 957 2407 literis
974 2352 1079 2406 duobus
1101 2352 1142 2405 sie
1157 2351 1286 2405 mutavit:

244 2442 400 2506 semineus.
419 2465 455 2476 —-
485 2439 610 2488 uirtutes
628 2436 771 2506 reliquae]
795 2438 879 2509 vulgo
900 2442 1010 2491 virtute
1032 2453 1133 2490 omnes
1153 2440 1285 2491 uirtutes.

245 2523 321 2578 Eieci
341 2521 446 2575 inutilia
461 2518 612 2585 vocabulo,
638 2520 706 2573 illud
725 2522 874 2575 secundum
891 2520 941 2593 Lg.
960 2523 985 2576 2.
1004 2523 1029 2575 4.
1051 2520 1091 2576 13.
1112 2520 1146 2574 33
1163 2522 1225 2575 edd.
1244 2520 1286 2573 36.

244 2607 297 2661 Gn.
315 2605 340 2660 3.
365 2607 480 2659 alterum
503 2603 652 2657 seeundum
677 2603 729 2658 Gn.
751 2604 775 2659 3.
801 2598 829 2660 et
850 2605 900 2677 ng.
925 2622 1019 2659 omnes
1042 2613 1154 2674 praeter
1175 2604 1219 2658 81.
1242 2605 1286 2659 84.

244 2691 292 2744 Sic
308 2705 400 2742 senno
419 2689 501 2757 louge
518 2688 672 2757 elegantior
689 2689 803 2744 exsistit.
1027 2696 1033 2700 ’

332 2772 389 2824 151.
424 2772 581 2838 orationis]
607 2776 737 2826 oratoris
757 2771 809 2844 Lg.
830 2773 863 2827 81
883 2789 952 2827 corr.
972 2801 1007 2814 -
1037 2773 1080 2839 tu]
1106 2786 1158 2823 om.
1183 2769 1289 2840 Lg.15

244 2857 356 2911 ιιι1ι1.-
374 2854 458 2921 haee]
478 2853 533 2908 hoe
549 2854 599 2924 Lg.
613 2855 655 2909 81.
669 2882 705 2896 —-
721 2857 814 2924 nullu]
833 2874 886 2911 om.
901 2856 1036 2927 1131-
1052 2855 1285 2925 reoproposita]
1370 2848 1375 2855 ’

243 2941 299 2993 inv.
321 2938 373 2992 Gn.
393 2938 416 2989 1.
436 2946 464 2991 et
481 2955 533 2992 om.
554 2945 607 2993 est.

330 3021 459 3076 xxxvl.
495 3022 552 3078 tou.
589 3025 701 3092 inquit]
729 3027 774 3077 itu
800 3028 897 3093 tepuit
922 3023 973 3093 Lg.
1000 3023 1042 3077 20.
1066 3049 1101 3063 -
1126 3025 1286 3094 paratum]

240 3115 365 3183 partum
384 3107 436 3161 Gn.
453 3106 476 3160 1.
497 3138 529 3147 -
547 3123 601 3178 epo
617 3108 762 3174 monime]
779 3108 818 3160 sie
835 3102 885 3178 Lg.
900 3106 925 3163 3.
943 3110 967 3161 Δ.
987 3106 1026 3160 13.
1044 3106 1088 3160 hi).
1106 3107 1149 3162 21.
1166 3107 1201 3160 32
1214 3124 1284 3164 corr.

242 3194 285 3249 33.
303 3194 345 3248 bi.
365 3192 408 3247 81.
427 3192 469 3246 84.
489 3208 558 3261 quos
576 3208 693 3259 sequor,
714 3191 796 3260 vulgo
813 3191 868 3246 inv.
888 3221 925 3232 --
946 3194 1065 3264 posuit]
1083 3192 1211 3262 volgatur
1229 3209 1285 3245 non

243 3279 364 3333 (leterius
383 3279 547 3349 proposuit.
585 3275 652 3328 Cum
675 3283 765 3327 tumen
789 3291 846 3327 nou
868 3290 982 3328 neeesse
1005 3276 1041 3328 sit
1065 3275 1102 3329 nd
1124 3276 1286 3330 sententium

243 3365 296 3417 dici
314 3362 488 3415 Aristotelem
505 3361 582 3414 loeos
600 3359 662 3412 illos
685 3359 713 3412 ln
732 3375 796 3411 usus
814 3358 998 3412 studiosorum
1016 3360 1111 3413 verbis
1131 3360 1286 3413 declarasse
1353 3348 1357 3353 ⁵

243 3447 436 3517 (nortrapert),
454 3445 564 3498 eorreni
582 3453 612 3497 ut
628 3443 727 3513 legitur
742 3443 770 3495 in
789 3442 841 3496 Gn.
856 3442 881 3497 2.
896 3445 921 3497 l.
938 3442 978 3498 13.
997 3443 1032 3495 32
1046 3460 1117 3497 corr.
1133 3442 1176 3497 36.
1195 3442 1247 3497 Gn.
1259 3443 1283 3498 3.
1300 3488 1302 3492 .

243 3534 346 3587 Sensum
359 3538 401 3584 est
411 3546 472 3585 enm
483 3529 620 3583 invenisse
631 3536 661 3581 et
673 3527 854 3593 constituisse,
869 3530 1037 3594 καταστῆσαι
1048 3525 1239 3595 (uufstellen).
1250 3556 1285 3569 -

243 3617 413 3688 erpumonti
428 3615 490 3681 oia]
515 3614 555 3665 sle
576 3611 636 3666 Pal.
658 3612 725 3666 11.
749 3610 823 3667 Pith.
846 3612 958 3666 membr.
977 3610 1090 3664 Memm.
1114 3611 1175 3666 edd.
1200 3613 1283 3680 antiq.

242 3716 284 3771 pr.
302 3698 377 3752 Lott.
396 3697 491 3767 Steph.
518 3704 545 3749 et
565 3705 678 3752 recentt.
702 3704 765 3767 post
782 3695 942 3762 Gruterum,
964 3695 1048 3765 idque
1069 3711 1141 3747 nune
1161 3692 1287 3749 firmetur

242 3783 294 3854 ng.
312 3785 337 3836 Δ.
358 3780 399 3835 tn.
420 3789 644 3850 ,orpomentum
661 3778 717 3852 lug.
738 3782 763 3837 1.
787 3798 842 3835 non
865 3781 995 3833 deterius.
1038 3783 1208 3849 arpumeuti
1231 3796 1284 3834 onn.
1401 3779 1406 3783 ’

243 3871 294 3921 ota
312 3867 359 3930 Z.,
384 3866 461 3919 euius
483 3881 535 3933 mg.
554 3882 610 3918 ree.
632 3883 667 3917 m.
686 3865 773 3921 unser.
798 3868 845 3918 oio
871 3870 901 3917 et
925 3867 1020 3926 ratio,
1047 3863 1147 3927 deinde
1171 3863 1221 3932 Lg.
1243 3862 1284 3917 13.
1388 3905 1396 3913 ,
1459 3858 1460 3869 ’

243 3952 508 4019 argumentorum
526 3953 553 4014 β.
565 3949 591 4000 δ.
609 3950 695 4017 (supr,
714 3964 765 4000 ser.
785 3947 1017 4017 orpumontatto)
1035 3945 1085 4016 Lg.
1099 3945 1123 3998 3.
1138 3945 1163 3998 6.
1182 3944 1220 3998 17.
1240 3944 1283 4002 21.

242 4031 345 4085 81137.
365 4031 406 4084 76.
434 4029 529 4085 (11.3.
553 4030 649 4084 Lumb.
673 4031 712 4082 ito
729 4046 788 4084 var.
810 4030 920 4100 11931.
957 4028 1187 4100 arpumentandt
1202 4032 1285 4081 ratio

245 4114 300 4170 dno
316 4114 398 4169 codd.
416 4113 556 4179 Lambini,
581 4130 633 4186 mg.
654 4122 741 4184 repet.
761 4111 856 4170 humb.
891 4098 1191 4188 arqnmeotandt'uta
1215 4128 1286 4172 unm
