2942 4608
388 330 447 397 DE
476 328 715 399 ORATORE'
731 327 855 396 niente
876 327 927 395 ΙΙΙ.
949 328 1001 394 25.
1117 332 1214 403 40⁸

172 501 336 567 molliores
358 508 429 564 suut
449 508 480 565 et
501 481 702 565 delicatiores
724 500 758 563 in
777 508 870 565 centu
890 495 1041 563 llexiones
1060 505 1092 563 et
1112 496 1215 567 falsae

171 617 304 684 voculae
326 635 419 702 quem
436 626 541 681 certae
565 627 594 681 et
610 621 762 682 severeel
785 614 897 701 quibus
917 624 1023 680 temen
1043 634 1107 680 non
1122 615 1215 682 modo

172 735 304 809 austeri,
336 718 410 811 sed,
438 736 467 798 si
487 735 622 819 ⁴saepius
648 732 736 810 liunt,
769 731 930 798 multitudo
957 733 1028 817 ipsu
1053 731 1215 797 reclamat.

56 848 64 855 “
168 851 221 915 99.
243 848 333 917 Licet
355 849 415 918 hoc
435 850 543 916 videre
569 853 603 914 in
623 848 755 934 reliquis
779 849 942 926 sensibus3
969 850 1135 932 unguentis
1157 850 1215 914 mi-

170 987 228 1032 nus
256 967 309 1032 diu
334 987 394 1033 nos
417 967 568 1032 delectari
590 986 711 1032 summa
734 977 765 1031 et
786 958 942 1032 acerrima
963 967 1117 1032 suavitate
1140 985 1215 1031 cou-

89 1165 91 1169 ῃ
170 1085 244 1149 ditis
267 1103 360 1169 quam
382 1082 432 1148 his
454 1083 639 1161 moderatis,
667 1093 698 1149 et
724 1085 826 1167 magis
847 1083 972 1149 laudari
994 1083 1077 1168 quod
1099 1102 1215 1159 cerem,

171 1220 265 1285 quem
297 1186 380 1284 quod
411 1220 537 1265 crocum
568 1200 653 1266 olere
681 1201 842 1279 videatur3
874 1202 1002 1285 inipso
1028 1209 1113 1264 tactu
1141 1218 1214 1265 esse

172 1317 297 1382 modum
318 1325 349 1382 et
369 1316 573 1384 mollitudinis
596 1326 626 1382 ct
646 1317 794 1383 leuitatis.
839 1303 920 1395 Quin
947 1318 1041 1382 etiam
1062 1326 1215 1400 gustatus,

171 1436 223 1520 qui
253 1443 301 1499 est
333 1453 445 1499 sensus
476 1453 515 1498 ex
542 1433 685 1525 omnibus
716 1427 853 1499 maxime
877 1434 1070 1519 voluptarius
1103 1435 1216 1518 quique

171 1551 361 1616 dulcitudine
382 1560 508 1636 praeter
527 1560 649 1616 ceteros
673 1571 785 1616 sensus
802 1562 1020 1628 commovetur,
1043 1542 1215 1636 quamcito

169 1669 218 1745 id,
245 1667 328 1753 quod
353 1665 447 1732 valde
475 1666 565 1732 dulce
583 1677 656 1744 est,
684 1678 868 1752 aspernatur
895 1686 933 1733 ac
955 1670 1093 1754 respuitl
1138 1666 1217 1746 Quis
1280 1756 1283 1766 Ι

170 1787 295 1870 potione
321 1785 365 1848 uti
398 1782 548 1866 autscibo
575 1783 661 1849 dulei
693 1784 808 1849 diutius
833 1789 959 1869 potestl
991 1771 1060 1849 cum
1086 1794 1215 1870 utroque

171 1902 205 1964 in
230 1919 347 1984 genere
375 1919 429 1978 ea,
462 1919 542 1985 quae
574 1899 687 1967 leviter
718 1921 844 1966 sensum
872 1901 1031 1987 voluptate
1061 1910 1215 1979 moueant,

171 2017 322 2081 facillime
349 2017 471 2101 fugiant
493 2020 678 2083 satietatem.
723 2017 795 2082 100.
823 2015 879 2083 Sic
902 2017 1045 2085 omnibus
1066 2020 1099 2083 in
1120 2019 1215 2084 rebus

160 2133 377 2219 *voluptatibus
409 2137 553 2200 maximis
584 2135 745 2200 fastidium
778 2132 937 2200 finitimum
970 2146 1036 2215 est3
1068 2156 1128 2222 quo
1155 2135 1216 2202 hoc

66 2275 73 2281 “
113 2244 118 2253 ’
171 2253 272 2315 minus
303 2253 336 2315 in
364 2252 505 2317 cretione
533 2253 693 2328 miremur,
726 2254 760 2315 in
787 2271 849 2336 qua
873 2252 926 2318 uel
958 2272 997 2316 ex
1022 2254 1123 2338 poetis
1154 2252 1216 2331 [vel

172 2364 420 2443 exoratoribus]
448 2386 613 2451 possumus
641 2367 798 2443 iudicare,
826 2369 1011 2433 concinnam
1038 2368 1217 2433 distinctam

172 2490 314 2547 ornatam
341 2481 485 2546 festivam
516 2483 585 2546 sine
612 2482 844 2549 intermissione
877 2485 946 2548 siue
973 2481 1216 2568 reprehensione

257 2713 299 2769 99.
337 2714 450 2782 cerem]
465 2720 579 2768 terrem
591 2713 763 2769 Lambinicni
778 2716 872 2770 neseio
888 2717 943 2785 qui,
963 2715 1040 2770 Ceut.
1055 2717 1087 2782 dK
1099 2715 1176 2772 Med.
1189 2716 1216 2769 9.

173 2800 247 2854 noct.
261 2799 431 2853 Melanchtlr.
451 2799 520 2853 Vict.
539 2798 620 2854 Corn.
634 2799 711 2854 Mun.
732 2801 771 2853 ita
785 2817 855 2854 corr.
868 2800 918 2872 Lg.
932 2800 973 2855 re.
1003 2817 1078 2870 qttae
1094 2806 1217 2864 terram,

174 2901 262 2954 queam
287 2901 361 2953 prae
384 2900 502 2936 crocum
524 2883 602 2937 olere
624 2884 784 2938 videantur
804 2884 899 2939 Lamb.
924 2885 1050 2953 idemque
1073 2888 1101 2938 in
1122 2893 1217 2939 annot.

174 2970 256 3022 etiam
279 2986 386 3040 sapere
410 2985 460 3037 pro
486 2969 564 3021 clere
587 2967 711 3023 Ciceroni
736 2969 903 3022 reddendum
929 2986 989 3023 esse
1009 2980 1103 3024 censet
1127 2979 1155 3024 et
1175 2988 1217 3023 ss·

174 3053 335 3106 sentientem
354 3051 438 3105 habet
454 3051 642 3123 Spaldingium
660 3054 696 3107 ud
714 3052 888 3111 Quintilvl.
904 3053 1013 3122 3,107.‚
1030 3055 1135 3108 scilicet
1153 3057 1226 3124 quio

173 3137 221 3189 illo
239 3153 321 3189 exeo
341 3135 439 3189 offerre
456 3136 583 3189 videatur
600 3137 670 3192 Plin.
690 3138 724 3192 H.
738 3137 776 3192 N.
791 3135 876 3191 xvu.
892 3137 916 3192 3.
946 3137 1012 3191 Cum
1031 3141 1163 3193 incertum
1181 3141 1216 3193 sit

172 3220 245 3274 hunc
268 3237 303 3272 ou
326 3219 409 3273 ulium
431 3219 520 3273 locum
543 3229 606 3274 unte
629 3223 723 3275 oculos
745 3221 871 3276 habuerit
891 3221 999 3275 Plinius
1025 3229 1067 3288 et,
1091 3222 1216 3289 sillone,

174 3305 209 3358 de
232 3305 335 3375 scripto
364 3322 399 3357 on
420 3306 575 3358 memoriter
598 3307 736 3372 retulerit,
766 3307 936 3377 recentiores
965 3305 999 3358 od
1023 3306 1217 3375 plerorumque
1303 3318 1309 3325 “

172 3389 304 3442 librorum
321 3391 483 3459 scripturum
501 3390 649 3444 redierunt.
665 3419 701 3432 —
719 3392 812 3457 tactu]
832 3395 964 3444 tractatu
980 3388 1031 3460 Lg.
1044 3390 1076 3447 ,6.
1092 3418 1127 3429 -
1146 3392 1217 3444 levi-

174 3473 259 3538 tatis]
277 3472 410 3526 lenitatis
435 3472 485 3544 Lg.
506 3472 545 3527 lt.
564 3474 606 3528 nl.
624 3505 659 3515 -
685 3475 879 3540 dulcitudine]
900 3473 1053 3527 duclcedc'nc
1075 3474 1126 3546 Lg.
1145 3475 1169 3531 3.
1190 3468 1215 3531 6.

174 3556 217 3609 99.
236 3555 278 3608 35.
298 3557 340 3610 65.
359 3557 401 3612 73.
420 3556 462 3612 Sd.
480 3557 523 3612 93.
541 3587 578 3599 -
596 3576 662 3613 cum
680 3560 816 3628 utroque]
835 3558 926 3628 quam
942 3564 998 3612 etr.
1020 3560 1053 3628 (i.
1070 3577 1094 3613 e.
1114 3561 1217 3629 quom)
1282 3590 1287 3595 ,
1385 3577 1395 3589 ⁶

174 3638 226 3709 ng.
251 3656 360 3706 omnes,
385 3658 444 3693 eum
468 3659 526 3695 vor.
552 3647 692 3711 quoniam
713 3643 769 3708 17.‚
791 3644 856 3695 item
879 3642 930 3697 Gn.
953 3642 1019 3699 [9.
1037 3671 1073 3687 ·-
1103 3645 1216 3715 leviter]

161 3723 282 3785 ,leniter
299 3722 349 3793 Lg.
365 3725 407 3778 76.
425 3724 467 3780 84.
485 3755 519 3766 -
535 3725 673 3797 sopiunt]
691 3728 730 3778 sie
748 3726 828 3782 codd.
847 3736 874 3780 et
891 3728 975 3798 vulgo
993 3729 1054 3784 edd.
1073 3729 1216 3801 elllcpdant

174 3805 286 3861 Ernesti
304 3809 486 3863 coniecturum
504 3819 614 3864 secutus
631 3818 672 3864 est
689 3809 768 3864 Scis

260 3891 318 3945 199.
352 3893 401 3946 cel
416 3911 454 3947 ecc
471 3894 650 3969 oratoribus]
669 3895 852 3965 praepositio,
878 3913 948 3965 quiae
965 3897 1049 3968 vulgo
1069 3897 1216 3965 obest‚·ub

172 3975 258 4030 fleur.
277 3976 372 4030 addita
389 3986 432 4031 est
448 3980 596 4032 secundum
613 3979 789 4033 Schuctnium
806 3998 841 4033 eu
859 3980 948 4036 Havn.
965 3981 987 4036 i.
1003 3981 1028 4036 9.
1051 3982 1112 4035 edd.
1132 3982 1215 4048 antiq.

173 4071 201 4115 et
218 4061 305 4127 Aldu,
329 4060 431 4115 hebent
454 4080 513 4116 eom
532 4065 613 4117 etiem
630 4063 679 4134 Lg.
699 4074 810 4134 praeter
824 4065 866 4119 93.
887 4082 995 4130 omues,
1023 4066 1074 4118 Gu.
1093 4066 1117 4117 9.
1137 4064 1216 4116 Lom-

172 4143 260 4213 binus,
297 4143 361 4200 lure
377 4152 467 4201 tumen
486 4156 514 4202 et
534 4147 582 4201 illu
600 4148 687 4203 verbu
705 4157 733 4202 et
749 4166 814 4203 mox
825 4148 975 4222 ‘sequeutia
995 4146 1043 4199 ool
1051 4151 1155 4218 podsis
1173 4148 1220 4201 vel
