2968 4596
431 269 490 337 uu
518 254 749 339 outuouu
776 266 901 338 muuu
921 271 944 337 1.
966 271 1019 338 22.
1160 236 1264 343 st

154 492 159 498 -
196 445 343 521 nescies,
376 443 444 528 quis
470 452 610 508 nostrum
636 452 701 508 tam
731 432 892 528 impudens
922 450 987 517 est,
1017 445 1071 527 qui
1102 459 1137 505 se
1165 440 1246 506 sciro

201 573 257 627 aut
287 581 379 648 posse
410 558 572 647 postulctt
631 557 697 624 lam
727 578 803 625 vero
837 561 899 624 lsta
932 557 1138 634 condicione,
1176 556 1247 622 dum

201 679 276 744 milri
310 678 406 743 liceat
442 696 563 761 negare
597 696 693 764 posse
725 675 807 762 quod
847 697 910 742 non
940 687 1048 763 potoro
1084 685 1116 742 et
1152 674 1247 742 sotem

194 798 320 862 nescire
358 794 443 882 quod
478 797 640 873 nesciam,
681 792 775 872 licet,
812 795 911 879 inquit
945 791 1099 871 Crassus,
1138 803 1245 861 uestro

197 914 350 980 arbitratu
385 913 620 999 perconteminl.
683 912 755 977 lon.
789 911 908 999 Atqui,
946 912 1046 997 lnquit
1076 907 1245 997 Sulpicius,

164 1004 255 1098 .lroc
285 1033 418 1119 primum
451 1050 490 1095 ex
520 1040 571 1106 te,
609 1030 648 1095 de
687 1049 748 1116 quo
780 1029 873 1096 modo
904 1027 1060 1094 Antonius
1093 1027 1244 1114 exposuit,

196 1149 271 1236 quid
297 1151 417 1215 sentias
440 1126 633 1233 quaerimus,
659 1148 859 1213 existimesne
883 1156 981 1239 arten
1008 1146 1146 1233 aliquam
1171 1165 1243 1217 esse

198 1267 333 1349 dicendi.
388 1264 499 1344 Quidt
535 1264 611 1330 milti
641 1285 723 1331 nunc
752 1285 830 1341 vos,
863 1266 962 1350 lnquit
988 1262 1143 1341 Crassus,
1173 1272 1243 1328 tan-

199 1402 290 1468 quam
330 1382 450 1468 aliquui
482 1382 639 1448 Graeculo
678 1384 781 1449 otioso
818 1393 849 1448 et
882 1382 1009 1469 loquaci
1045 1392 1076 1448 et
1106 1381 1242 1455 fumasse

196 1501 288 1567 docto
316 1511 409 1586 atque
436 1500 557 1567 erudito
586 1500 870 1585 quaestiunculam,
902 1499 940 1565 de
972 1519 1034 1586 qua
1058 1518 1129 1564 meo
1157 1497 1242 1581 ariti-

192 1628 277 1683 tratu
307 1618 433 1702 loquar,
466 1605 608 1704 ponltlst
663 1615 797 1696 Quando
825 1620 909 1682 enim
939 1636 987 1682 me
1017 1618 1081 1685 istu
1111 1635 1257 1685 curasse.

197 1745 252 1799 aut
273 1735 432 1818 cogitasse
456 1734 666 1811 arbitramini,
693 1745 724 1800 et
748 1753 812 1801 nou
834 1753 958 1820 semper
979 1724 1119 1800 irrisisse
1139 1734 1242 1821 potius

194 1872 304 1917 eorum
328 1851 482 1917 hominum
509 1853 745 1939 impudentiam,
778 1854 845 1937 qui,
873 1871 965 1937 quom
992 1852 1024 1916 in
1051 1847 1162 1917 schola
1188 1869 1241 1915 as·

149 2046 152 2051 4
194 1969 351 2041 sedissent
383 1990 501 2056 magna
530 1968 690 2043 hominurn
720 1969 914 2065 frequentia,
951 1968 1056 2035 dicere
1088 1967 1239 2047 iuberent,

149 2254 152 2257 ·
191 2223 235 2282 35.
248 2224 289 2279 to.
303 2224 345 2283 81.
366 2232 408 2278 est
426 2195 557 2296 preeunt.
573 2229 756 2295 pereuntum.
772 2230 930 2296 percorum.
949 2230 1079 2297 percunt.
1087 2261 1097 2287 ,
1120 2224 1149 2277 lu
1166 2220 1237 2309 Gud

192 2309 210 2364 l.
226 2313 469 2380 percunctemini.
487 2338 524 2350 -
546 2308 711 2381 Sulpicius]
731 2327 784 2364 om.
803 2309 855 2363 Gn.
874 2309 899 2362 3.

284 2412 343 2466 162.
379 2411 478 2482 utqui]
496 2414 592 2482 scripsi
610 2430 660 2483 pro
679 2418 767 2483 utque
784 2430 819 2466 ex
835 2412 871 2467 U.
886 2414 918 2466 Z.
936 2419 962 2480 {³-
975 2431 997 2466 ε.
1025 2410 1238 2487 Lopomuibus

195 2504 312 2568 praeter
329 2498 352 2548 l.
372 2495 407 2548 32
424 2513 517 2566 pum.
536 2496 578 2551 st.
598 2497 640 2551 84.
657 2498 698 2552 35.
726 2517 753 2552 v.
777 2498 985 2567 explicationes.
1007 2525 1043 2541 -ψ
1072 2513 1110 2548 eu
1133 2501 1177 2558 te,
1201 2493 1239 2563 ele

194 2598 255 2652 quo
273 2580 361 2634 modo
378 2579 461 2650 Aac]
483 2590 546 2634 autc
563 2579 632 2634 hoec
650 2583 735 2637 verbo
752 2585 888 2655 primum
907 2598 960 2635 om.
979 2580 1038 2653 le
1049 2579 1099 2650 Lg.
1118 2579 1239 2648 bonique

191 2683 307 2732 omues,
332 2683 422 2736 eoque
445 2682 541 2718 carere
558 2668 700 2736 possimus.
735 2667 839 2720 Verum
857 2682 909 2736 pro
928 2682 966 2719 ea·
986 2664 1070 2735 tede
1092 2679 1238 2734 perperam

190 2750 338 2805 intellectis
356 2750 477 2803 ostende
494 2751 567 2819 (sive
586 2751 701 2819 ostede)
722 2751 773 2823 ng.
792 2752 818 2805 2.
837 2751 861 2807 3.
882 2753 907 2805 t.
926 2752 950 2806 5.
972 2751 998 2804 6.
1018 2749 1058 2804 13.
1079 2748 1118 2802 ll.
1140 2747 1236 2803 1617.

188 2836 233 2889 26.
253 2835 296 2895 21.
315 2834 358 2888 23.
377 2835 418 2890 32.
436 2835 479 2890 36.
496 2836 539 2889 65.
557 2837 601 2890 69.
619 2837 661 2891 76.
680 2837 721 2890 73.
741 2838 783 2891 76.
801 2836 952 2891 818693.
966 2830 1002 2891 U.
1018 2835 1050 2889 Ζ.
1064 2839 1121 2901 us.
1138 2833 1181 2901 (Ζ.
1194 2851 1244 2907 ρι’.Ι

189 2938 225 2974 m.
245 2937 278 2974 oo
295 2921 436 2987 xtende),·
456 2929 485 2974 ut
503 2921 556 2974 soli
575 2922 617 2975 35.
633 2922 675 2976 st.
690 2922 733 2976 81.
752 2922 786 2976 85
804 2938 901 2976 verum
918 2921 1089 2975 retinuerint.
1125 2919 1236 2975 Delnde

83 3064 90 3071 ‚
190 3022 243 3075 pro
267 3022 323 3074 quo
342 3007 429 3059 modo
452 3021 528 3074 quac
551 3005 602 3077 Lg.
622 3006 648 3060 2.
685 3024 773 3076 quom
792 3006 847 3072 13.,
872 3005 950 3076 quod
971 3006 1033 3078 lt,
1053 3005 1142 3081 modu
1162 3022 1234 3060 corr.

189 3091 337 3160 quomodo
354 3091 407 3156 26,
431 3098 487 3162 pito
503 3092 547 3145 63.
582 3092 767 3161 quodmodo
784 3092 902 3145 iidcorr.
934 3090 1013 3161 quod
1029 3091 1100 3145 Vict.
1114 3108 1236 3165 cappe
1351 3142 1359 3154 ,

187 3173 249 3228 rell.
269 3192 338 3244 quos
355 3175 412 3228 dixi
430 3177 586 3246 quomodo.
609 3206 645 3216 —
672 3183 770 3247 artent
787 3175 933 3246 ultquum]
953 3176 1009 3231 inv.
1030 3175 1069 3230 17.
1093 3204 1144 3249 -ᾗ
1159 3191 1236 3242 nunc

187 3259 252 3329 cos]
279 3261 333 3313 inv.
357 3259 407 3331 Lg.
429 3279 470 3331 pr.
494 3262 519 3316 2.
542 3263 566 3315 l.
592 3261 634 3315 st.
659 3262 701 3317 st.
740 3278 791 3314 cos
814 3264 910 3330 inquit
929 3277 1007 3314 nunc
1030 3248 1082 3314 G'u.
1098 3260 1137 3317 2.,
1159 3274 1236 3313 nunc

187 3361 242 3396 ont.
264 3343 317 3404 (lu,
339 3343 362 3398 1.
380 3373 416 3385 —
447 3345 575 3415 aliquot]
596 3346 693 3416 scripsi
714 3364 749 3400 ex
768 3345 818 3418 Lg.
837 3347 861 3401 4.
882 3346 907 3400 ll.
929 3345 969 3399 13.
987 3344 1029 3399 26.
1047 3344 1089 3399 21.
1110 3343 1144 3397 32
1163 3361 1247 3403 corr„

186 3426 230 3481 36.
251 3427 303 3481 Gu.
316 3427 352 3493 3.,
371 3429 417 3497 qul
434 3430 534 3500 ultquo
548 3430 696 3500 praebeut3
715 3431 812 3500 aliqui
826 3429 958 3495 licum
980 3429 1094 3500 aliquot
1108 3428 1235 3482 distincte

185 3512 318 3582 scriptum
335 3513 359 3575 5,
378 3513 420 3567 35.
437 3514 480 3568 65.
520 3513 648 3587 Quotus,
667 3520 738 3584 putri
757 3513 901 3587 praefero,
922 3530 984 3581 cum
1002 3513 1081 3568 codd.
1100 3511 1232 3567 firmatur.

186 3598 236 3650 stc
261 3599 343 3650 euim*
357 3615 413 3651 non
441 3600 524 3653 modo
548 3598 662 3669 Augusti
687 3599 777 3653 adhuc
800 3594 1079 3670 aetate'(quauquam
1102 3613 1158 3651 non
1181 3595 1235 3666 hoc

185 3681 288 3750 solum)
307 3681 408 3736 dictum
423 3683 779 3757 ostendunt'luscrlptiones
797 3685 856 3738 eius
870 3685 1001 3754 temporls
1018 3701 1059 3737 ur.
1072 3682 1170 3752 osup.
1185 3681 1235 3734 ltt

186 3774 205 3819 t.
222 3765 242 3824 Ι,
268 3765 355 3822 Oroll.
375 3785 401 3837 p.
416 3767 476 3822 tto.
496 3779 515 3822 t.
529 3766 562 3822 11.
582 3786 609 3839 p.
624 3768 683 3834 466,
699 3769 714 3825 7
730 3768 832 3822 Graev.
840 3786 854 3833 3.
869 3769 919 3822 sed
936 3785 1022 3839 puero
1042 3766 1131 3825 adhuc
1148 3764 1234 3838 stulu·

185 3851 283 3904 tlliuuo
308 3853 347 3905 ita
366 3853 512 3909 scribendo
530 3852 669 3907 vitabatur
685 3853 833 3906 similitudo
857 3853 918 3906 soni
942 3856 993 3922 qut
1011 3851 1077 3921 (Qu.
1094 3849 1114 3903 1.
1134 3849 1160 3915 7,
1177 3849 1243 3919 27).

185 3933 345 4007 Pinputur,
363 3954 446 4011 'quum
464 3939 503 4009 sic
520 3936 643 3990 effectum
654 3937 846 3994 ,Quintilianus
866 3938 946 4002 dicit,
971 3934 1158 4006 pronuntiatlo
1178 3950 1233 3987 non

185 4019 302 4072 aliaest
325 4021 377 4076 uisi
398 4029 414 4074 d
432 4039 483 4091 pro
503 4029 538 4087 ti,
563 4024 664 4091 quippe
683 4022 789 4091 plenius
807 4021 939 4075 sonantis.
962 4049 997 4061 -
1026 4015 1152 4089 punitis]
1177 4022 1233 4070 dm·

183 4106 299 4177 ponitis
316 4102 368 4174 Lg.
386 4104 463 4170 XXI,
484 4115 595 4176 praeter
614 4105 653 4161 13.
674 4105 739 4164 butri
755 4105 860 4167 cuncti,
878 4123 904 4162 u,
922 4109 947 4168 ρ.
967 4119 989 4158 ε.
1026 4096 1170 4165 tutatus]
1188 4099 1232 4146 tn-
