<?xml version="1.0" encoding="UTF-8"?>
<!DOCTYPE html PUBLIC "-//W3C//DTD XHTML 1.0 Transitional//EN"
    "http://www.w3.org/TR/xhtml1/DTD/xhtml1-transitional.dtd">
<html xmlns="http://www.w3.org/1999/xhtml" xml:lang="en" lang="en">
 <head>
  <title>
</title>
<meta http-equiv="Content-Type" content="text/html;charset=utf-8" />
  <meta name='ocr-system' content='tesseract 3.04.00' />
  <meta name='ocr-capabilities' content='ocr_page ocr_carea ocr_par ocr_line ocrx_word'/>
</head>
<body>
  <div class='ocr_page' id='page_1' title='image "./mtulliciceronis00ellegoog/mtulliciceronis00ellegoog_0024.png"; bbox 0 0 2968 4596; ppageno 0'>
   <div class='ocr_carea' id='block_1_1' title="bbox 536 308 1201 386">
    <p class='ocr_par' dir='ltr' id='par_1_1' title="bbox 536 308 1201 386">
     <span class='ocr_line' id='line_1_1' title="bbox 536 308 1201 386; baseline 0.008 -6"><span class='ocrx_word' id='word_1_1' title='bbox 536 308 824 381; x_wconf 72' lang='lat' dir='ltr'><strong>PRAEFATlO.</strong></span> <span class='ocrx_word' id='word_1_2' title='bbox 1145 336 1201 386; x_wconf 79' lang='grc' dir='ltr'><strong>ιιι</strong></span> 
     </span>
    </p>
   </div>
   <div class='ocr_carea' id='block_1_2' title="bbox 32 484 1296 1191">
    <p class='ocr_par' dir='ltr' id='par_1_2' title="bbox 32 484 1296 888">
     <span class='ocr_line' id='line_1_2' title="bbox 153 484 1296 579; baseline 0.005 -24"><span class='ocrx_word' id='word_1_3' title='bbox 153 484 301 579; x_wconf 82' lang='lat' dir='ltr'><strong>plumbus</strong></span> <span class='ocrx_word' id='word_1_4' title='bbox 322 484 433 557; x_wconf 86' lang='lat' dir='ltr'><strong>dicere</strong></span> <span class='ocrx_word' id='word_1_5' title='bbox 457 508 520 559; x_wconf 90' lang='lat' dir='ltr'><strong>non</strong></span> <span class='ocrx_word' id='word_1_6' title='bbox 546 499 599 559; x_wconf 87' lang='lat' dir='ltr'><strong>est</strong></span> <span class='ocrx_word' id='word_1_7' title='bbox 623 507 786 577; x_wconf 83' lang='lat' dir='ltr'><strong>neccsse3</strong></span> <span class='ocrx_word' id='word_1_8' title='bbox 822 506 882 559; x_wconf 86' lang='lat' dir='ltr'><strong>nec</strong></span> <span class='ocrx_word' id='word_1_9' title='bbox 906 487 1049 560; x_wconf 77' lang='lat' dir='ltr'><strong>lacerem</strong></span> <span class='ocrx_word' id='word_1_10' title='bbox 1073 488 1202 561; x_wconf 81' lang='lat' dir='ltr'><strong>omnium</strong></span> <span class='ocrx_word' id='word_1_11' title='bbox 1290 505 1296 513; x_wconf 84' lang='lat'><strong>·</strong></span> 
     </span>
     <span class='ocr_line' id='line_1_3' title="bbox 32 636 1203 739; baseline 0.001 -28"><span class='ocrx_word' id='word_1_12' title='bbox 32 656 34 697; x_wconf 73' lang='lat' dir='ltr'><strong>t</strong></span> <span class='ocrx_word' id='word_1_13' title='bbox 157 636 299 739; x_wconf 48' lang='lat' dir='ltr'><strong>hominis,</strong></span> <span class='ocrx_word' id='word_1_14' title='bbox 333 638 473 733; x_wconf 89' lang='lat' dir='ltr'><strong>imperiti</strong></span> <span class='ocrx_word' id='word_1_15' title='bbox 508 640 727 733; x_wconf 82' lang='lat' dir='ltr'><strong>montionem,</strong></span> <span class='ocrx_word' id='word_1_16' title='bbox 769 637 831 715; x_wconf 87' lang='lat' dir='ltr'><strong>nisi</strong></span> <span class='ocrx_word' id='word_1_17' title='bbox 869 660 971 712; x_wconf 85' lang='lat' dir='ltr'><strong>ansus</strong></span> <span class='ocrx_word' id='word_1_18' title='bbox 1003 651 1096 713; x_wconf 86' lang='lat' dir='ltr'><strong>esset</strong></span> <span class='ocrx_word' id='word_1_19' title='bbox 1128 662 1203 735; x_wconf 90' lang='lat' dir='ltr'><strong>pro·</strong></span> 
     </span>
     <span class='ocr_line' id='line_1_4' title="bbox 152 788 1201 888; baseline 0.004 -27"><span class='ocrx_word' id='word_1_20' title='bbox 152 791 306 861; x_wconf 86' lang='lat' dir='ltr'><strong>nuntiare</strong></span> <span class='ocrx_word' id='word_1_21' title='bbox 334 789 500 884; x_wconf 77' lang='lat' dir='ltr'><strong>vulgatam</strong></span> <span class='ocrx_word' id='word_1_22' title='bbox 535 791 749 886; x_wconf 56' lang='lat' dir='ltr'><strong>scripturam„</strong></span> <span class='ocrx_word' id='word_1_23' title='bbox 785 811 880 887; x_wconf 88' lang='lat' dir='ltr'><strong>quam</strong></span> <span class='ocrx_word' id='word_1_24' title='bbox 914 791 1023 864; x_wconf 85' lang='lat' dir='ltr'><strong>multis</strong></span> <span class='ocrx_word' id='word_1_25' title='bbox 1054 788 1201 888; x_wconf 84' lang='lat' dir='ltr'><strong>partibus</strong></span> 
     </span>
    </p>

    <p class='ocr_par' dir='ltr' id='par_1_3' title="bbox 56 940 1201 1191">
     <span class='ocr_line' id='line_1_5' title="bbox 117 940 1201 1035; baseline 0.005 -24"><span class='ocrx_word' id='word_1_26' title='bbox 117 1028 121 1035; x_wconf 25' lang='grc' dir='ltr'><strong><em>Ι</em></strong></span> <span class='ocrx_word' id='word_1_27' title='bbox 149 940 302 1013; x_wconf 83' lang='lat' dir='ltr'><strong>laborare</strong></span> <span class='ocrx_word' id='word_1_28' title='bbox 335 941 563 1032; x_wconf 87' lang='lat' dir='ltr'><strong>consentiunt,</strong></span> <span class='ocrx_word' id='word_1_29' title='bbox 599 942 749 1015; x_wconf 88' lang='lat' dir='ltr'><strong>omuibus</strong></span> <span class='ocrx_word' id='word_1_30' title='bbox 778 942 918 1014; x_wconf 91' lang='lat' dir='ltr'><strong>omnium</strong></span> <span class='ocrx_word' id='word_1_31' title='bbox 943 940 1096 1016; x_wconf 87' lang='lat' dir='ltr'><strong>librorum</strong></span> <span class='ocrx_word' id='word_1_32' title='bbox 1124 940 1201 1016; x_wconf 84' lang='lat' dir='ltr'><strong>sub·</strong></span> 
     </span>
     <span class='ocr_line' id='line_1_6' title="bbox 56 1091 1199 1191; baseline 0.003 -27"><span class='ocrx_word' id='word_1_33' title='bbox 56 1119 58 1122; x_wconf 60' lang='grc'>’</span> <span class='ocrx_word' id='word_1_34' title='bbox 149 1092 243 1164; x_wconf 86' lang='lat' dir='ltr'><strong>sidiis</strong></span> <span class='ocrx_word' id='word_1_35' title='bbox 279 1091 524 1186; x_wconf 72' lang='lat' dir='ltr'><strong>praeferendam</strong></span> <span class='ocrx_word' id='word_1_36' title='bbox 565 1105 601 1165; x_wconf 88' lang='lat' dir='ltr'><strong>et</strong></span> <span class='ocrx_word' id='word_1_37' title='bbox 633 1092 755 1191; x_wconf 85' lang='lat' dir='ltr'><strong>ubique</strong></span> <span class='ocrx_word' id='word_1_38' title='bbox 789 1095 857 1165; x_wconf 88' lang='lat' dir='ltr'><strong>lere</strong></span> <span class='ocrx_word' id='word_1_39' title='bbox 891 1094 994 1188; x_wconf 87' lang='lat' dir='ltr'><strong>ipsius</strong></span> <span class='ocrx_word' id='word_1_40' title='bbox 1028 1096 1199 1191; x_wconf 83' lang='lat' dir='ltr'><strong>scriptoris</strong></span> 
     </span>
    </p>
   </div>
   <div class='ocr_carea' id='block_1_3' title="bbox 148 1242 1199 1341">
    <p class='ocr_par' dir='ltr' id='par_1_4' title="bbox 148 1242 1199 1341">
     <span class='ocr_line' id='line_1_7' title="bbox 148 1242 1199 1341; baseline 0 -23"><span class='ocrx_word' id='word_1_41' title='bbox 148 1268 283 1318; x_wconf 87' lang='lat' dir='ltr'><strong>manum</strong></span> <span class='ocrx_word' id='word_1_42' title='bbox 304 1244 434 1333; x_wconf 86' lang='lat' dir='ltr'><strong>videri,</strong></span> <span class='ocrx_word' id='word_1_43' title='bbox 461 1258 499 1317; x_wconf 91' lang='lat' dir='ltr'><strong>ut</strong></span> <span class='ocrx_word' id='word_1_44' title='bbox 524 1245 556 1316; x_wconf 92' lang='lat' dir='ltr'><strong>iu</strong></span> <span class='ocrx_word' id='word_1_45' title='bbox 583 1242 809 1341; x_wconf 79' lang='lat' dir='ltr'><strong>conquirendis</strong></span> <span class='ocrx_word' id='word_1_46' title='bbox 832 1242 1022 1316; x_wconf 87' lang='lat' dir='ltr'><strong>emendandi</strong></span> <span class='ocrx_word' id='word_1_47' title='bbox 1046 1244 1199 1318; x_wconf 85' lang='lat' dir='ltr'><strong>subsidiis</strong></span> 
     </span>
    </p>
   </div>
   <div class='ocr_carea' id='block_1_4' title="bbox 32 1394 1202 1493">
    <p class='ocr_par' dir='ltr' id='par_1_5' title="bbox 32 1394 1202 1493">
     <span class='ocr_line' id='line_1_8' title="bbox 32 1394 1202 1493; baseline 0 -24"><span class='ocrx_word' id='word_1_48' title='bbox 32 1398 34 1493; x_wconf 70' lang='lat' dir='ltr'><strong>l</strong></span> <span class='ocrx_word' id='word_1_49' title='bbox 149 1397 315 1470; x_wconf 87' lang='lat' dir='ltr'><strong>desudare</strong></span> <span class='ocrx_word' id='word_1_50' title='bbox 338 1409 373 1468; x_wconf 85' lang='lat' dir='ltr'><strong>ct</strong></span> <span class='ocrx_word' id='word_1_51' title='bbox 396 1397 509 1468; x_wconf 87' lang='lat' dir='ltr'><strong>critico</strong></span> <span class='ocrx_word' id='word_1_52' title='bbox 535 1398 660 1470; x_wconf 91' lang='lat' dir='ltr'><strong>muneri</strong></span> <span class='ocrx_word' id='word_1_53' title='bbox 684 1420 813 1491; x_wconf 78' lang='lat' dir='ltr'><strong>operam</strong></span> <span class='ocrx_word' id='word_1_54' title='bbox 837 1394 914 1467; x_wconf 89' lang='lat' dir='ltr'><strong>dare</strong></span> <span class='ocrx_word' id='word_1_55' title='bbox 940 1397 1079 1468; x_wconf 88' lang='lat' dir='ltr'><strong>otiosum</strong></span> <span class='ocrx_word' id='word_1_56' title='bbox 1102 1399 1146 1469; x_wconf 90' lang='lat' dir='ltr'><strong>sit</strong></span> <span class='ocrx_word' id='word_1_57' title='bbox 1155 1397 1202 1470; x_wconf 80' lang='lat' dir='ltr'><strong>&#39;et</strong></span> 
     </span>
    </p>
   </div>
   <div class='ocr_carea' id='block_1_5' title="bbox 32 1545 1199 1644">
    <p class='ocr_par' dir='ltr' id='par_1_6' title="bbox 32 1545 1199 1644">
     <span class='ocr_line' id='line_1_9' title="bbox 32 1545 1199 1644; baseline 0.007 -31"><span class='ocrx_word' id='word_1_58' title='bbox 32 1552 34 1613; x_wconf 87' lang='lat' dir='ltr'><strong>l</strong></span> <span class='ocrx_word' id='word_1_59' title='bbox 151 1571 449 1644; x_wconf 87' lang='lat' dir='ltr'><strong>supervacaneum.</strong></span> <span class='ocrx_word' id='word_1_60' title='bbox 505 1545 600 1638; x_wconf 78' lang='lat' dir='ltr'><strong>Quod</strong></span> <span class='ocrx_word' id='word_1_61' title='bbox 634 1548 756 1619; x_wconf 84' lang='lat' dir='ltr'><strong>lacinus</strong></span> <span class='ocrx_word' id='word_1_62' title='bbox 789 1548 905 1642; x_wconf 88' lang='lat' dir='ltr'><strong>peritis</strong></span> <span class='ocrx_word' id='word_1_63' title='bbox 931 1545 1096 1621; x_wconf 84' lang='lat' dir='ltr'><strong>videbitur</strong></span> <span class='ocrx_word' id='word_1_64' title='bbox 1128 1570 1199 1621; x_wconf 84' lang='lat' dir='ltr'><strong>eam</strong></span> 
     </span>
    </p>
   </div>
   <div class='ocr_carea' id='block_1_6' title="bbox 32 1692 1198 1792">
    <p class='ocr_par' dir='ltr' id='par_1_7' title="bbox 32 1692 1198 1792">
     <span class='ocr_line' id='line_1_10' title="bbox 32 1692 1198 1792; baseline 0.001 -22"><span class='ocrx_word' id='word_1_65' title='bbox 32 1744 33 1755; x_wconf 27' lang='grc' dir='ltr'><strong>κ</strong></span> <span class='ocrx_word' id='word_1_66' title='bbox 155 1699 200 1770; x_wconf 91' lang='lat' dir='ltr'><strong>ob</strong></span> <span class='ocrx_word' id='word_1_67' title='bbox 228 1724 353 1772; x_wconf 89' lang='lat' dir='ltr'><strong>causam</strong></span> <span class='ocrx_word' id='word_1_68' title='bbox 379 1722 497 1789; x_wconf 86' lang='lat' dir='ltr'><strong>ausus,</strong></span> <span class='ocrx_word' id='word_1_69' title='bbox 525 1723 581 1792; x_wconf 88' lang='lat' dir='ltr'><strong>ue,</strong></span> <span class='ocrx_word' id='word_1_70' title='bbox 598 1720 684 1768; x_wconf 70' lang='lat' dir='ltr'><strong>‘cum</strong></span> <span class='ocrx_word' id='word_1_71' title='bbox 708 1692 787 1770; x_wconf 88' lang='lat' dir='ltr'><strong>nihil</strong></span> <span class='ocrx_word' id='word_1_72' title='bbox 811 1696 851 1768; x_wconf 88' lang='lat' dir='ltr'><strong>ud</strong></span> <span class='ocrx_word' id='word_1_73' title='bbox 873 1699 1065 1792; x_wconf 85' lang='lat' dir='ltr'><strong>scriptorem</strong></span> <span class='ocrx_word' id='word_1_74' title='bbox 1091 1722 1198 1772; x_wconf 85' lang='lat' dir='ltr'><strong>emen·</strong></span> 
     </span>
    </p>
   </div>
   <div class='ocr_carea' id='block_1_7' title="bbox 32 1848 1200 2380">
    <p class='ocr_par' dir='ltr' id='par_1_8' title="bbox 32 1848 1200 2380">
     <span class='ocr_line' id='line_1_11' title="bbox 32 1848 1200 1965; baseline 0.001 -43"><span class='ocrx_word' id='word_1_75' title='bbox 32 1884 34 1965; x_wconf 30' lang='lat' dir='ltr'><strong>p</strong></span> <span class='ocrx_word' id='word_1_76' title='bbox 152 1850 291 1923; x_wconf 90' lang='lat' dir='ltr'><strong>dandum</strong></span> <span class='ocrx_word' id='word_1_77' title='bbox 331 1851 480 1923; x_wconf 80' lang='lat' dir='ltr'><strong>conferre</strong></span> <span class='ocrx_word' id='word_1_78' title='bbox 513 1861 656 1945; x_wconf 80' lang='lat' dir='ltr'><strong>posset,</strong></span> <span class='ocrx_word' id='word_1_79' title='bbox 679 1848 793 1943; x_wconf 89' lang='lat' dir='ltr'><strong>plane</strong></span> <span class='ocrx_word' id='word_1_80' title='bbox 827 1848 949 1921; x_wconf 86' lang='lat' dir='ltr'><strong>inutilis</strong></span> <span class='ocrx_word' id='word_1_81' title='bbox 993 1849 1066 1923; x_wconf 89' lang='lat' dir='ltr'><strong>eius</strong></span> <span class='ocrx_word' id='word_1_82' title='bbox 1101 1872 1200 1944; x_wconf 86' lang='lat' dir='ltr'><strong>opera</strong></span> 
     </span>
     <span class='ocr_line' id='line_1_12' title="bbox 32 1968 1198 2097; baseline -0.001 -23"><span class='ocrx_word' id='word_1_83' title='bbox 32 1968 40 2057; x_wconf 59' lang='lat' dir='ltr'><strong>i</strong></span> <span class='ocrx_word' id='word_1_84' title='bbox 150 2003 334 2097; x_wconf 76' lang='lat' dir='ltr'><strong>habeatur3</strong></span> <span class='ocrx_word' id='word_1_85' title='bbox 361 2017 400 2075; x_wconf 87' lang='lat' dir='ltr'><strong>ut</strong></span> <span class='ocrx_word' id='word_1_86' title='bbox 426 2014 478 2074; x_wconf 87' lang='lat' dir='ltr'><strong>est</strong></span> <span class='ocrx_word' id='word_1_87' title='bbox 503 2025 540 2074; x_wconf 89' lang='lat' dir='ltr'><strong>re</strong></span> <span class='ocrx_word' id='word_1_88' title='bbox 555 2023 661 2095; x_wconf 67' lang='lat' dir='ltr'><strong>pora.</strong></span> <span class='ocrx_word' id='word_1_89' title='bbox 715 1996 783 2081; x_wconf 84' lang='lat' dir='ltr'><strong>Sed</strong></span> <span class='ocrx_word' id='word_1_90' title='bbox 806 2023 846 2072; x_wconf 92' lang='lat' dir='ltr'><strong>ne</strong></span> <span class='ocrx_word' id='word_1_91' title='bbox 868 2024 963 2096; x_wconf 89' lang='lat' dir='ltr'><strong>quem</strong></span> <span class='ocrx_word' id='word_1_92' title='bbox 987 1998 1074 2075; x_wconf 86' lang='lat' dir='ltr'><strong>uliud</strong></span> <span class='ocrx_word' id='word_1_93' title='bbox 1099 2023 1198 2097; x_wconf 80' lang='lat' dir='ltr'><strong>ugen-</strong></span> 
     </span>
     <span class='ocr_line' id='line_1_13' title="bbox 149 2152 1200 2249; baseline 0 -22"><span class='ocrx_word' id='word_1_94' title='bbox 149 2169 220 2227; x_wconf 85' lang='lat' dir='ltr'><strong>tem</strong></span> <span class='ocrx_word' id='word_1_95' title='bbox 244 2155 349 2243; x_wconf 80' lang='lat' dir='ltr'><strong>fallat,</strong></span> <span class='ocrx_word' id='word_1_96' title='bbox 378 2154 418 2225; x_wconf 90' lang='lat' dir='ltr'><strong>de</strong></span> <span class='ocrx_word' id='word_1_97' title='bbox 443 2155 596 2249; x_wconf 82' lang='lat' dir='ltr'><strong>vulgatae</strong></span> <span class='ocrx_word' id='word_1_98' title='bbox 623 2152 721 2224; x_wconf 86' lang='lat' dir='ltr'><strong>illlus·</strong></span> <span class='ocrx_word' id='word_1_99' title='bbox 737 2152 919 2245; x_wconf 80' lang='lat' dir='ltr'><strong>scripturae</strong></span> <span class='ocrx_word' id='word_1_100' title='bbox 946 2153 1073 2248; x_wconf 81' lang='lat' dir='ltr'><strong>origiue</strong></span> <span class='ocrx_word' id='word_1_101' title='bbox 1095 2176 1200 2248; x_wconf 89' lang='lat' dir='ltr'><strong>pauca</strong></span> 
     </span>
     <span class='ocr_line' id='line_1_14' title="bbox 149 2302 1198 2380; baseline -0.001 -3"><span class='ocrx_word' id='word_1_102' title='bbox 149 2305 290 2378; x_wconf 90' lang='lat' dir='ltr'><strong>dicenda</strong></span> <span class='ocrx_word' id='word_1_103' title='bbox 331 2316 422 2375; x_wconf 88' lang='lat' dir='ltr'><strong>sunt.</strong></span> <span class='ocrx_word' id='word_1_104' title='bbox 498 2302 579 2376; x_wconf 90' lang='lat' dir='ltr'><strong>Cum</strong></span> <span class='ocrx_word' id='word_1_105' title='bbox 613 2302 860 2377; x_wconf 63' lang='lat' dir='ltr'><strong>renascentibus</strong></span> <span class='ocrx_word' id='word_1_106' title='bbox 899 2306 930 2380; x_wconf 90' lang='lat' dir='ltr'><strong>in</strong></span> <span class='ocrx_word' id='word_1_107' title='bbox 961 2304 1055 2377; x_wconf 87' lang='lat' dir='ltr'><strong>Italia</strong></span> <span class='ocrx_word' id='word_1_108' title='bbox 1093 2304 1198 2377; x_wconf 83' lang='lat' dir='ltr'><strong>literis</strong></span> 
     </span>
    </p>
   </div>
   <div class='ocr_carea' id='block_1_8' title="bbox 149 2450 1198 2546">
    <p class='ocr_par' dir='ltr' id='par_1_9' title="bbox 149 2450 1198 2546">
     <span class='ocr_line' id='line_1_15' title="bbox 149 2450 1198 2546; baseline -0.001 -20"><span class='ocrx_word' id='word_1_109' title='bbox 149 2458 282 2546; x_wconf 86' lang='lat' dir='ltr'><strong>scripta</strong></span> <span class='ocrx_word' id='word_1_110' title='bbox 323 2466 474 2523; x_wconf 87' lang='lat' dir='ltr'><strong>veterum</strong></span> <span class='ocrx_word' id='word_1_111' title='bbox 514 2467 547 2524; x_wconf 87' lang='lat' dir='ltr'><strong>et</strong></span> <span class='ocrx_word' id='word_1_112' title='bbox 588 2450 742 2527; x_wconf 85' lang='lat' dir='ltr'><strong>scientiae</strong></span> <span class='ocrx_word' id='word_1_113' title='bbox 780 2469 816 2527; x_wconf 91' lang='lat' dir='ltr'><strong>et</strong></span> <span class='ocrx_word' id='word_1_114' title='bbox 856 2455 1081 2528; x_wconf 78' lang='lat' dir='ltr'><strong>delectationis</strong></span> <span class='ocrx_word' id='word_1_115' title='bbox 1125 2454 1198 2527; x_wconf 84' lang='lat' dir='ltr'><strong>lons</strong></span> 
     </span>
    </p>
   </div>
   <div class='ocr_carea' id='block_1_9' title="bbox 149 2601 1199 2699">
    <p class='ocr_par' dir='ltr' id='par_1_10' title="bbox 149 2601 1199 2699">
     <span class='ocr_line' id='line_1_16' title="bbox 149 2601 1199 2699; baseline -0.006 -21"><span class='ocrx_word' id='word_1_116' title='bbox 149 2604 341 2678; x_wconf 88' lang='lat' dir='ltr'><strong>uberrimus</strong></span> <span class='ocrx_word' id='word_1_117' title='bbox 369 2601 574 2694; x_wconf 81' lang='lat' dir='ltr'><strong>viderentur,</strong></span> <span class='ocrx_word' id='word_1_118' title='bbox 607 2605 699 2699; x_wconf 88' lang='lat' dir='ltr'><strong>primi</strong></span> <span class='ocrx_word' id='word_1_119' title='bbox 726 2605 870 2678; x_wconf 81' lang='lat' dir='ltr'><strong>editores</strong></span> <span class='ocrx_word' id='word_1_120' title='bbox 896 2604 1006 2681; x_wconf 84' lang='lat' dir='ltr'><strong>ollioio</strong></span> <span class='ocrx_word' id='word_1_121' title='bbox 1032 2625 1092 2674; x_wconf 87' lang='lat' dir='ltr'><strong>suo</strong></span> <span class='ocrx_word' id='word_1_122' title='bbox 1119 2603 1199 2673; x_wconf 87' lang='lat' dir='ltr'><strong>satis</strong></span> 
     </span>
    </p>
   </div>
   <div class='ocr_carea' id='block_1_10' title="bbox 145 2711 1200 3454">
    <p class='ocr_par' dir='ltr' id='par_1_11' title="bbox 145 2711 1200 3454">
     <span class='ocr_line' id='line_1_17' title="bbox 147 2711 1200 2855; baseline -0.003 -25"><span class='ocrx_word' id='word_1_123' title='bbox 147 2759 272 2830; x_wconf 85' lang='lat' dir='ltr'><strong>lectum</strong></span> <span class='ocrx_word' id='word_1_124' title='bbox 293 2754 480 2855; x_wconf 81' lang='lat' dir='ltr'><strong>credebant,</strong></span> <span class='ocrx_word' id='word_1_125' title='bbox 506 2756 535 2827; x_wconf 88' lang='lat' dir='ltr'><strong>si</strong></span> <span class='ocrx_word' id='word_1_126' title='bbox 552 2779 655 2830; x_wconf 89' lang='lat' dir='ltr'><strong>unum</strong></span> <span class='ocrx_word' id='word_1_127' title='bbox 678 2711 858 2830; x_wconf 65' lang='lat' dir='ltr'><strong>alterutrare</strong></span> <span class='ocrx_word' id='word_1_128' title='bbox 879 2754 1024 2829; x_wconf 89' lang='lat' dir='ltr'><strong>codicem</strong></span> <span class='ocrx_word' id='word_1_129' title='bbox 1044 2754 1200 2849; x_wconf 82' lang='lat' dir='ltr'><strong>scriptum</strong></span> 
     </span>
     <span class='ocr_line' id='line_1_18' title="bbox 145 2878 1199 3002; baseline -0.004 -20"><span class='ocrx_word' id='word_1_130' title='bbox 145 2909 294 2982; x_wconf 88' lang='lat' dir='ltr'><strong>fideliter</strong></span> <span class='ocrx_word' id='word_1_131' title='bbox 314 2910 546 3001; x_wconf 88' lang='lat' dir='ltr'><strong>exprimerent.</strong></span> <span class='ocrx_word' id='word_1_132' title='bbox 588 2906 680 2981; x_wconf 84' lang='lat' dir='ltr'><strong>Talis</strong></span> <span class='ocrx_word' id='word_1_133' title='bbox 703 2909 796 3002; x_wconf 84' lang='lat' dir='ltr'><strong>origo</strong></span> <span class='ocrx_word' id='word_1_134' title='bbox 820 2909 1069 2980; x_wconf 67' lang='lat' dir='ltr'><strong>asperrumum</strong></span> <span class='ocrx_word' id='word_1_135' title='bbox 1086 2878 1199 2982; x_wconf 65' lang='lat' dir='ltr'><strong>Vene-</strong></span> 
     </span>
     <span class='ocr_line' id='line_1_19' title="bbox 146 3054 1197 3151; baseline -0.004 -17"><span class='ocrx_word' id='word_1_136' title='bbox 146 3074 261 3135; x_wconf 81' lang='lat' dir='ltr'><strong>torum</strong></span> <span class='ocrx_word' id='word_1_137' title='bbox 284 3083 316 3130; x_wconf 89' lang='lat' dir='ltr'><strong>a.</strong></span> <span class='ocrx_word' id='word_1_138' title='bbox 340 3059 453 3131; x_wconf 76' lang='lat'><strong>1470.</strong></span> <span class='ocrx_word' id='word_1_139' title='bbox 477 3060 664 3151; x_wconf 70' lang='lat' dir='ltr'><strong>estuat,</strong></span> <span class='ocrx_word' id='word_1_140' title='bbox 688 3054 977 3131; x_wconf 85' lang='lat' dir='ltr'><strong>Mediolanensium</strong></span> <span class='ocrx_word' id='word_1_141' title='bbox 1001 3073 1035 3130; x_wconf 88' lang='lat' dir='ltr'><strong>et</strong></span> <span class='ocrx_word' id='word_1_142' title='bbox 1052 3057 1197 3148; x_wconf 85' lang='lat' dir='ltr'><strong>Lotteri,</strong></span> 
     </span>
     <span class='ocr_line' id='line_1_20' title="bbox 145 3209 1200 3309; baseline -0.004 -26"><span class='ocrx_word' id='word_1_143' title='bbox 145 3234 235 3309; x_wconf 86' lang='lat' dir='ltr'><strong>quas</strong></span> <span class='ocrx_word' id='word_1_144' title='bbox 276 3209 533 3283; x_wconf 85' lang='lat' dir='ltr'><strong>Haurichseuum</strong></span> <span class='ocrx_word' id='word_1_145' title='bbox 582 3224 717 3284; x_wconf 86' lang='lat' dir='ltr'><strong>secutus</strong></span> <span class='ocrx_word' id='word_1_146' title='bbox 759 3233 824 3282; x_wconf 90' lang='lat' dir='ltr'><strong>uno</strong></span> <span class='ocrx_word' id='word_1_147' title='bbox 864 3209 1022 3283; x_wconf 86' lang='lat' dir='ltr'><strong>vocabulo</strong></span> <span class='ocrx_word' id='word_1_148' title='bbox 1063 3219 1200 3280; x_wconf 72' lang='lat' dir='ltr'><strong>ueteres</strong></span> 
     </span>
     <span class='ocr_line' id='line_1_21' title="bbox 145 3345 1199 3454; baseline -0.004 -18"><span class='ocrx_word' id='word_1_149' title='bbox 145 3364 292 3436; x_wconf 91' lang='lat' dir='ltr'><strong>nomino.</strong></span> <span class='ocrx_word' id='word_1_150' title='bbox 348 3361 470 3433; x_wconf 88' lang='lat' dir='ltr'><strong>Harum</strong></span> <span class='ocrx_word' id='word_1_151' title='bbox 496 3373 647 3433; x_wconf 87' lang='lat' dir='ltr'><strong>auctores</strong></span> <span class='ocrx_word' id='word_1_152' title='bbox 680 3385 752 3433; x_wconf 88' lang='lat' dir='ltr'><strong>cum</strong></span> <span class='ocrx_word' id='word_1_153' title='bbox 767 3345 910 3433; x_wconf 55' lang='lat' dir='ltr'><strong>⁴minimo</strong></span> <span class='ocrx_word' id='word_1_154' title='bbox 939 3382 1068 3454; x_wconf 88' lang='lat' dir='ltr'><strong>semper</strong></span> <span class='ocrx_word' id='word_1_155' title='bbox 1092 3380 1199 3432; x_wconf 88' lang='lat' dir='ltr'><strong>emen·</strong></span> 
     </span>
    </p>
   </div>
   <div class='ocr_carea' id='block_1_11' title="bbox 146 3512 1199 3609">
    <p class='ocr_par' dir='ltr' id='par_1_12' title="bbox 146 3512 1199 3609">
     <span class='ocr_line' id='line_1_22' title="bbox 146 3512 1199 3609; baseline -0.005 -22"><span class='ocrx_word' id='word_1_156' title='bbox 146 3515 235 3587; x_wconf 91' lang='lat' dir='ltr'><strong>datis</strong></span> <span class='ocrx_word' id='word_1_157' title='bbox 269 3512 434 3584; x_wconf 86' lang='lat' dir='ltr'><strong>codicibus</strong></span> <span class='ocrx_word' id='word_1_158' title='bbox 468 3512 519 3584; x_wconf 88' lang='lat' dir='ltr'><strong>usi</strong></span> <span class='ocrx_word' id='word_1_159' title='bbox 554 3525 688 3606; x_wconf 85' lang='lat' dir='ltr'><strong>esseut,</strong></span> <span class='ocrx_word' id='word_1_160' title='bbox 723 3515 800 3609; x_wconf 89' lang='lat' dir='ltr'><strong>quin</strong></span> <span class='ocrx_word' id='word_1_161' title='bbox 835 3526 868 3585; x_wconf 90' lang='lat' dir='ltr'><strong>et</strong></span> <span class='ocrx_word' id='word_1_162' title='bbox 895 3513 1014 3583; x_wconf 91' lang='lat' dir='ltr'><strong>multos</strong></span> <span class='ocrx_word' id='word_1_163' title='bbox 1041 3524 1074 3583; x_wconf 85' lang='lat' dir='ltr'><strong>ot</strong></span> <span class='ocrx_word' id='word_1_164' title='bbox 1099 3512 1199 3583; x_wconf 88' lang='lat' dir='ltr'><strong>mani·</strong></span> 
     </span>
    </p>
   </div>
   <div class='ocr_carea' id='block_1_12' title="bbox 32 3663 1199 3760">
    <p class='ocr_par' dir='ltr' id='par_1_13' title="bbox 32 3663 1199 3760">
     <span class='ocr_line' id='line_1_23' title="bbox 32 3663 1199 3760; baseline -0.005 -21"><span class='ocrx_word' id='word_1_165' title='bbox 32 3750 33 3753; x_wconf 8' lang='grc' dir='ltr'><strong>Ἴ</strong></span> <span class='ocrx_word' id='word_1_166' title='bbox 146 3667 255 3738; x_wconf 88' lang='lat' dir='ltr'><strong>lestos</strong></span> <span class='ocrx_word' id='word_1_167' title='bbox 283 3686 413 3736; x_wconf 85' lang='lat' dir='ltr'><strong>errores</strong></span> <span class='ocrx_word' id='word_1_168' title='bbox 440 3664 580 3735; x_wconf 89' lang='lat' dir='ltr'><strong>intactos</strong></span> <span class='ocrx_word' id='word_1_169' title='bbox 605 3665 830 3760; x_wconf 86' lang='lat' dir='ltr'><strong>reliquissent,</strong></span> <span class='ocrx_word' id='word_1_170' title='bbox 859 3663 999 3736; x_wconf 88' lang='lat' dir='ltr'><strong>editores</strong></span> <span class='ocrx_word' id='word_1_171' title='bbox 1023 3675 1199 3759; x_wconf 86' lang='lat' dir='ltr'><strong>sequentes</strong></span> 
     </span>
    </p>
   </div>
   <div class='ocr_carea' id='block_1_13' title="bbox 144 3806 1200 4059">
    <p class='ocr_par' dir='ltr' id='par_1_14' title="bbox 144 3806 1200 4059">
     <span class='ocr_line' id='line_1_24' title="bbox 144 3806 1198 3910; baseline -0.007 -18"><span class='ocrx_word' id='word_1_172' title='bbox 144 3816 257 3892; x_wconf 89' lang='lat' dir='ltr'><strong>Aldus</strong></span> <span class='ocrx_word' id='word_1_173' title='bbox 286 3806 469 3889; x_wconf 85' lang='lat' dir='ltr'><strong>Cratander</strong></span> <span class='ocrx_word' id='word_1_174' title='bbox 493 3814 663 3890; x_wconf 86' lang='lat' dir='ltr'><strong>Victorius</strong></span> <span class='ocrx_word' id='word_1_175' title='bbox 690 3813 874 3910; x_wconf 83' lang='lat' dir='ltr'><strong>Stephanus</strong></span> <span class='ocrx_word' id='word_1_176' title='bbox 907 3808 1085 3888; x_wconf 84' lang='lat' dir='ltr'><strong>Lambinus</strong></span> <span class='ocrx_word' id='word_1_177' title='bbox 1114 3811 1198 3885; x_wconf 89' lang='lat' dir='ltr'><strong>Gru·</strong></span> 
     </span>
     <span class='ocr_line' id='line_1_25' title="bbox 145 3960 1200 4059; baseline -0.009 -18"><span class='ocrx_word' id='word_1_178' title='bbox 145 3982 243 4041; x_wconf 79' lang='lat' dir='ltr'><strong>torus</strong></span> <span class='ocrx_word' id='word_1_179' title='bbox 277 3990 321 4039; x_wconf 86' lang='lat' dir='ltr'><strong>ex</strong></span> <span class='ocrx_word' id='word_1_180' title='bbox 355 3966 447 4038; x_wconf 89' lang='lat' dir='ltr'><strong>libris</strong></span> <span class='ocrx_word' id='word_1_181' title='bbox 480 3967 575 4057; x_wconf 84' lang='lat' dir='ltr'><strong>aliis,</strong></span> <span class='ocrx_word' id='word_1_182' title='bbox 610 3967 669 4039; x_wconf 87' lang='lat' dir='ltr'><strong>sed</strong></span> <span class='ocrx_word' id='word_1_183' title='bbox 702 3969 821 4040; x_wconf 83' lang='lat' dir='ltr'><strong>leviter</strong></span> <span class='ocrx_word' id='word_1_184' title='bbox 854 3960 1036 4059; x_wconf 83' lang='lat' dir='ltr'><strong>inspectis,</strong></span> <span class='ocrx_word' id='word_1_185' title='bbox 1071 3975 1129 4033; x_wconf 87' lang='lat' dir='ltr'><strong>aut</strong></span> <span class='ocrx_word' id='word_1_186' title='bbox 1156 3984 1200 4031; x_wconf 89' lang='lat' dir='ltr'><strong>ex</strong></span> 
     </span>
    </p>
   </div>
   <div class='ocr_carea' id='block_1_14' title="bbox 32 4088 1199 4215">
    <p class='ocr_par' dir='ltr' id='par_1_15' title="bbox 32 4088 1199 4215">
     <span class='ocr_line' id='line_1_26' title="bbox 32 4088 1199 4215; baseline -0.015 -22"><span class='ocrx_word' id='word_1_187' title='bbox 32 4088 33 4135; x_wconf 52' lang='lat'><em>³</em></span> <span class='ocrx_word' id='word_1_188' title='bbox 83 4122 89 4133; x_wconf 87' lang='lat'>&#39;</span> <span class='ocrx_word' id='word_1_189' title='bbox 148 4119 283 4215; x_wconf 82' lang='lat' dir='ltr'><strong>ingenio</strong></span> <span class='ocrx_word' id='word_1_190' title='bbox 315 4131 352 4190; x_wconf 89' lang='lat' dir='ltr'><strong>et</strong></span> <span class='ocrx_word' id='word_1_191' title='bbox 386 4117 517 4190; x_wconf 89' lang='lat' dir='ltr'><strong>libidine</strong></span> <span class='ocrx_word' id='word_1_192' title='bbox 550 4138 614 4190; x_wconf 90' lang='lat' dir='ltr'><strong>non</strong></span> <span class='ocrx_word' id='word_1_193' title='bbox 644 4118 734 4190; x_wconf 87' lang='lat' dir='ltr'><strong>nulla</strong></span> <span class='ocrx_word' id='word_1_194' title='bbox 764 4138 877 4190; x_wconf 79' lang='lat' dir='ltr'><strong>conum</strong></span> <span class='ocrx_word' id='word_1_195' title='bbox 901 4114 1082 4195; x_wconf 85' lang='lat' dir='ltr'><strong>vitiorum,</strong></span> <span class='ocrx_word' id='word_1_196' title='bbox 1116 4127 1199 4198; x_wconf 88' lang='lat' dir='ltr'><strong>quae</strong></span> 
     </span>
    </p>
   </div>
   <div class='ocr_carea' id='block_1_15' title="bbox 0 0 1488 4596">
    <p class='ocr_par' dir='ltr' id='par_1_16' title="bbox 0 0 1488 4596">
     <span class='ocr_line' id='line_1_27' title="bbox 0 0 1488 4596; baseline 0 1"><span class='ocrx_word' id='word_1_197' title='bbox 0 0 1488 4596; x_wconf 95' lang='lat' dir='ltr'><strong> </strong></span> 
     </span>
    </p>
   </div>
  </div>
 </body>
</html>
