2942 4608
253 273 355 353 ut)
502 344 505 347 ,
652 269 914 340 CICERONIS

255 461 321 508 non
346 448 442 508 esset.
488 440 540 506 Aa
568 451 619 515 ta,
652 458 724 507 sum
755 458 879 507 amnem
907 439 1131 506 sutietatem
1159 439 1307 509 6616666·

255 560 381 626 ordinis
406 576 468 641 pro
493 559 625 641 61666666
641 562 770 642 patetis
795 576 924 640 6666666
949 559 986 622 ia
1006 566 1172 640 6666666616
1189 561 1307 641 papati

114 735 119 747 ,
207 679 209 682 ’
257 676 398 744 Bouiani
418 677 606 750 6666166616,
633 695 682 742 nte
707 679 757 742 itis
778 678 942 742 sinistimus
958 676 1144 756 6166661666
1166 677 1306 742 umeri?

258 792 333 862 Nea
354 795 411 859 tibi
431 794 488 859 illa
509 802 583 859 sant
605 795 771 867 66666666,
794 795 823 859 si
842 791 881 858 L.
898 791 1055 861 ‚erasnm
1074 795 1302 870 6166616666

259 913 334 977 itaet
365 912 490 977 tilieti
517 912 845 993 annuntiataque,-
878 928 941 993 qua
970 909 1019 975 vel
1048 910 1158 976 666166
1187 911 1307 993 spirita

214 1046 219 1051 ¹
256 1029 331 1110 ipso
353 1029 512 1094 libidinem
533 1038 622 1094 taam
642 1030 769 1093 libertas
791 1045 861 1092 mea
882 1027 1041 1109 66161666.

346 1141 385 1209 Il.
407 1143 438 1209 5.
455 1143 614 1211 Permulta
627 1155 690 1210 tum
705 1143 980 1211 vehementissima
995 1143 1193 1213 6661666666
1209 1143 1305 1209 animi

261 1261 372 1346 ingeni
392 1264 505 1329 virium
528 1262 568 1329 ab
590 1282 629 1329 66
652 1263 736 1329 dicta
758 1282 830 1329 esse
853 1260 1038 1340 constabat3
1060 1262 1306 1349 sententiamque

260 1398 350 1457 eam,
376 1400 469 1466 quam
491 1390 619 1447 senatus
640 1380 788 1467 frequens
810 1390 935 1446 sanutus
957 1388 1020 1458 est,
1044 1359 1306 1446 ornatissimiset

261 1498 461 1581 gravissimis
483 1497 610 1565 verbis:
638 1499 678 1565 Ut
694 1499 816 1580 papate
838 1499 984 1565 Romano
1006 1499 1084 1563 satit
1104 1499 1201 1581 fieret,
1222 1517 1304 1564 aaa·

190 1616 194 1623 '
264 1631 361 1698 qaam
385 1626 512 1682 senatus
538 1636 636 1700 aequa
661 1619 830 1684 consitium
856 1588 904 1682 rei
928 1617 1070 1698 publiani
1094 1634 1194 1698 aequi
1217 1617 1305 1698 fictiia

263 1828 372 1902 ipit.
391 1860 427 1874 »-
449 1851 512 1906 pro
524 1833 664 1907 pipanre]
680 1849 871 1908 propinquare
886 1832 958 1886 Viet.
977 1831 1030 1887 Gn.
1046 1832 1069 1888 l.
1086 1832 1138 1905 Lg.
1154 1836 1306 1903 praeteri.
1326 1906 1331 1915 .

264 1912 309 1969 31.
323 1932 382 1972 sec.
400 1933 435 1972 m.
453 1918 517 1974 nid.
553 1918 656 1972 Tamen
673 1917 724 1990 Lg.
741 1918 785 1974 31.
798 1924 942 1992 manes,
963 1925 994 1972 ut
1010 1919 1036 1973 3.
1054 1917 1080 1973 5.
1099 1917 1124 1974 6.
1144 1917 1304 1976 171611.

263 1999 308 2054 35.
332 2000 375 2055 65.
400 2001 441 2056 76.
466 2001 509 2056 61.
531 2000 574 2057 84.
604 2003 655 2058 Gn.
681 2003 753 2058 1.1.·
782 2004 860 2070 ΑΙ6.;
890 2003 918 2056 in
940 2002 993 2057 hac
1019 2011 1061 2058 est
1086 2020 1112 2058 v.
1139 2019 1307 2075 nppapaare

247 2086 395 2154 ‘pararit
413 2113 449 2126 -
474 2086 655 2158 6666166616]
676 2088 845 2142 concideres
864 2086 957 2144 1686
974 2103 1045 2142 6666.
1069 2084 1122 2144 66.
1141 2088 1165 2144 l.
1182 2088 1209 2144 1.
1239 2104 1306 2144 666-
1378 2145 1382 2151 ,
1453 2148 1454 2159 ,

265 2165 429 2224 66116663.
448 2171 488 2224 ita
505 2188 576 2226 6666.
593 2170 636 2225 31.
652 2202 687 2212 -
713 2190 761 2229 me
777 2172 838 2244 luis]
857 2176 896 2227 iis
912 2171 963 2242 Lg.
977 2171 1003 2226 6.
1022 2171 1064 2226 13.
1082 2171 1144 2228 666.
1165 2171 1305 2242 quaedam.

265 2266 350 2305 naeus
368 2252 421 2310 Gn.
440 2254 464 2309 l.
489 2260 564 2311 66616
582 2256 634 2312 Gu.
652 2255 677 2312 3.
695 2286 730 2298 -
757 2262 916 2313 asciscimus
928 2255 1105 2329 pignoribus
1125 2258 1251 2328 terreri]
1267 2259 1307 2311 sie

265 2334 318 2408 hg.
330 2336 355 2392 1.
371 2338 411 2394 13.
429 2340 500 2394 Vict.
525 2340 644 2414 Vulgata
657 2352 717 2397 erat
731 2343 905 2416 ptpnasias
922 2344 1082 2397 existimas
1090 2357 1180 2413 posse
1192 2345 1307 2396 terreri.

266 2421 326 2476 866
335 2439 428 2495 posse
444 2442 497 2481 om.
511 2443 580 2498 6666
594 2427 662 2494 dixi,
679 2437 708 2481 et
723 2426 774 2499 Lg.
788 2430 824 2494 4.,
841 2428 888 2499 qui
902 2429 1010 2480 terreri
1019 2443 1066 2480 nse
1082 2425 1175 2490 habet,
1193 2443 1307 2495 eumque

266 2506 415 2563 verborum
433 2511 551 2580 positum
566 2511 691 2566 referunt
708 2514 790 2567 etiam
806 2514 832 2568 3.
849 2512 874 2568 5.
897 2510 938 2565 14.
958 2510 998 2566 15.
1020 2509 1062 2567 16.
1083 2509 1122 2566 17.
1141 2510 1184 2566 11.
1202 2511 1245 2568 13.
1263 2511 1307 2569 14.

266 2588 310 2645 35.
333 2592 375 2648 65.
400 2593 443 2649 67.
467 2595 509 2651 69.
535 2596 576 2651 76.
595 2597 637 2653 73.
656 2596 698 2652 76.
723 2596 767 2652 66.
789 2595 831 2652 93.
849 2626 886 2636 -
915 2595 970 2651 1116
991 2601 1059 2650 eunt
1080 2594 1247 2666 66666666]
1269 2596 1309 2650 sic

264 2674 357 2733 flava.
376 2677 443 2736 1.1.
470 2680 524 2736 Gn.
540 2690 611 2748 tres,
631 2679 842 2752 (implerique,
864 2680 914 2752 [ις.
931 2680 958 2733 1.
975 2681 1000 2734 i
1022 2679 1063 2736 13.
1081 2679 1123 2734 36.
1160 2680 1320 2736 areimis

266 2759 301 2815 31
318 2778 388 2818 corr.
412 2766 603 2821 concidenda.
639 2766 755 2820 edenda
778 2764 835 2821 Erl.
871 2764 1054 2819 condienda
1078 2764 1139 2821 666.
1162 2765 1258 2820 Lami).
1276 2774 1310 2836 ψ.

266 2844 319 2917 Lg.
336 2848 421 2902 ceteri
438 2849 557 2919 plurimi,
575 2850 648 2920 quod
665 2850 822 2906 blandiatur
837 2868 894 2905 non
911 2848 1019 2917 iniuria,
1037 2866 1098 2905 cum
1114 2857 1218 2922 spectet
1235 2852 1311 2919 quod

263 2933 420 3001 ¹praecessit
443 2934 480 2988 de
501 2936 664 2990 auctoritate
685 2945 796 2999 senatus
819 2938 946 2990 concisa.
969 2963 1006 2975 —
1034 2933 1070 2992 13.
1091 2930 1243 3004 Crassum]
1271 2937 1312 2990 616

267 3013 336 3069 1781.
354 3027 387 3087 ψ.
411 3017 454 3072 Gu
482 3019 506 3075 3.
533 3020 604 3073 Vict.
627 3018 677 3089 Lg.
695 3020 774 3086 XX„
800 3036 919 3088 quorum
938 3019 1004 3074 boni
1028 3036 1123 3075 omnes
1145 3027 1222 3087 sunt,
1247 3020 1309 3078 666.

161 3160 166 3164 ,
267 3100 409 3171 antiquiss.
428 3104 492 3159 sch.
510 3105 538 3157 in
556 3104 600 3158 66.
615 3105 678 3158 mai.
698 3100 846 3159 06116666.
873 3104 964 3175 Vulgo
982 3100 1309 3175 661661666666666666ς

266 3200 296 3247 ‚v.
314 3188 524 3267 explicationes.
539 3217 574 3230 -—
598 3188 777 3258 6661666666]
795 3189 835 3243 sic
853 3188 979 3259 plerique
997 3188 1076 3243 6666.
1099 3198 1127 3243 et
1144 3189 1230 3259 vulgo
1246 3188 1311 3244 inde

154 3328 160 3335 ,
266 3271 302 3331 ab
321 3272 383 3329 666.
401 3274 542 3345 antiquiss.
574 3272 727 3329 caedenda
744 3275 769 3328 1.
797 3274 972 3331 caminada
987 3281 1014 3341 β.
1028 3290 1080 3345 mg.
1096 3275 1123 3330 3.
1149 3273 1311 3331 6666116666

266 3355 319 3428 Lg.
338 3357 371 3411 15
390 3376 416 3412 v.
434 3375 461 3410 n.
479 3367 505 3413 t.
521 3357 564 3413 66.
601 3359 762 3415 incidenda
785 3359 836 3431 lig.
854 3361 880 3416 3.
899 3362 926 3414 4.
949 3360 1073 3416 316666.
1093 3360 1135 3415 35.
1161 3358 1223 3414 Pal.
1242 3358 1310 3414 11.

266 3441 335 3496 mbr.
357 3439 443 3496 Mem.
462 3443 509 3513 (z
526 3444 592 3499 vst.
617 3445 678 3500 666.
697 3444 808 3513 Lamb.)
832 3445 883 3500 Gn.
901 3446 926 3500 3.
953 3454 981 3498 et
1001 3444 1040 3498 sic
1062 3445 1231 3515 scripserunt
1247 3441 1311 3498 866.

266 3523 364 3580 Maeli.
398 3525 465 3581 Non
486 3528 588 3583 iniuria
610 3528 733 3600 putidum
753 3527 859 3585 0661116
882 3530 994 3586 videtur
1016 3529 1147 3585 insidere
1169 3529 1312 3601 tanquam,

264 3627 320 3665 6666
335 3611 407 3666 idem
427 3630 488 3668 esse
504 3614 642 3668 66616666
659 3623 687 3668 et
705 3613 839 3679 66611666,
864 3615 938 3685 quod
955 3614 1104 3671 8616661616
1122 3614 1225 3679 vnum,
1249 3629 1313 3668 con·

264 3702 322 3751 stat
339 3715 375 3750 ex
393 3696 447 3752 Cic.
467 3700 524 3754 Att.
536 3699 597 3753 XV.
613 3699 649 3765 4.,
669 3698 716 3753 nbi
735 3707 824 3760 exstat
841 3699 932 3771 66666
950 3704 1064 3765 excisa,
1081 3715 1140 3754 nna
1157 3698 1265 3755 666166.
1277 3725 1312 3740 -

263 3780 380 3852 666166]
401 3783 507 3839 avulsa
524 3783 575 3855 ing.
593 3783 618 3838 6.
654 3783 739 3839 elatea
757 3784 809 3840 Gn.
829 3785 853 3840 l.

354 3867 389 3923 11.
425 3868 451 3924 5.
487 3872 565 3922 satta
581 3867 680 3937 fieret]
699 3867 891 3938 satisfaceret
907 3868 958 3942 Lg.
972 3870 997 3926 1.
1009 3868 1052 3924 itt.
1066 3869 1182 3925 146666.
1197 3867 1310 3923 316666.

220 4020 226 4027 ¹
267 3950 310 4006 35.
327 3952 370 4007 67.
389 3952 430 4022 76.
449 3940 484 3992 ’-
506 3951 716 4022 6666666666]
735 3952 827 4021 neef.
847 3953 1053 4026 (tunnas.
1072 3953 1113 4010 13.
1134 3984 1163 3995 -
1185 3948 1313 4020 dictam]

263 4050 322 4090 am.
345 4034 397 4106 ing.
415 4034 442 4089 5.
467 4036 569 4089 1711.
587 4035 629 4091 35.
649 4037 691 4091 76.
709 4034 751 4091 81.
783 4037 927 4093 6161613.
952 4039 1076 4095 316666.
1101 4039 1198 4094 36-
1226 4051 1313 4110 prae·
1373 4056 1377 4067 =

267 4118 402 4190 seripttsl
420 4118 597 4173 hanoverana
610 4121 771 4190 scripturam
791 4137 825 4175 en
838 4120 919 4179 bonis
931 4125 1000 4180 meis
1014 4125 1082 4180 solis
1099 4132 1209 4179 tuentur
1225 4121 1277 4193 ing.
1288 4122 1313 4175 4.
