2980 4602
235 280 324 403 ras
565 402 568 405 ,
628 329 888 401 oronnonrs

170 478 212 515 '¹³'
228 509 301 565 ‘cum
323 501 483 585 superiore
504 501 682 580 diuortium.
704 499 736 564 in
759 482 951 565 concubinae
973 496 1078 566 locum
1100 502 1272 569 duceretur.

151 650 168 675 .‹
233 615 305 682 184.
337 615 424 682 Haec
458 619 553 701 igitur
583 625 613 681 et
643 616 753 681 horum
785 616 902 682 similia
934 620 1005 684 iura
1037 638 1114 684 suae
1142 622 1278 686 ciuitatis

231 736 431 818 ignorantem
461 744 596 798 erectum
632 743 663 798 et
699 733 817 798 celsum
853 733 954 799 alacri
989 744 1024 799 et
1048 745 1188 822 prompto
1224 756 1278 802 ore

232 861 327 935 atque
349 850 435 915 vutu
455 848 515 914 lruc
539 859 630 933 atque
653 848 729 913 illuc
751 852 918 917 intuentem
938 853 1051 934 vagari
1074 871 1143 916 cum
1164 871 1280 936 magna

230 977 363 1032 camma
388 976 452 1031 toto
474 966 544 1031 foro
565 965 756 1051 praesidium
771 964 944 1031 *clientibus
974 977 1065 1052 atque
1088 966 1177 1053 opem
1200 971 1279 1033 ami-

108 1078 124 1164 s
233 1084 282 1147 cis
309 1092 339 1147 et
364 1101 459 1168 prope
487 1083 605 1147 cunctis
634 1081 754 1146 civibus
775 1081 878 1147 lucem
904 1085 1011 1166 ingeni
1040 1093 1070 1148 et
1092 1083 1205 1149 consili
1228 1086 1278 1148 sui

233 1200 442 1284 porrigentem
460 1203 563 1283 [atque
578 1198 764 1277 tendentem]
783 1199 890 1264 ‘nonne
912 1201 945 1263 in
960 1201 1068 1286 primis
1089 1199 1279 1289 flagitiosum

232 1315 400 1401 putandum
420 1321 500 1380 esti

196 1412 199 1415 “
230 1470 234 1474 -
317 1428 402 1494 XLI.
431 1427 563 1494 18311
577 1432 722 1515 quoniam
739 1430 778 1494 de
794 1429 984 1514 impudentia
999 1430 1072 1506 dini,
1087 1432 1278 1515 castigemus

232 1549 327 1611 etiam
349 1548 535 1631 segnitatem
556 1545 713 1611 hominum
736 1557 827 1632 atque
849 1548 1004 1611 inertiam.
1042 1544 1120 1611 Nam
1142 1549 1170 1611 si
1192 1556 1278 1612 esset

230 1667 297 1728 ista
318 1665 456 1746 cognitio
478 1665 556 1727 iuris
579 1682 694 1747 magna
716 1673 808 1748 atque
830 1661 983 1753 dificilis,
1011 1672 1115 1727 tamen
1136 1662 1278 1728 utilitatis

164 1839 166 1843 .
232 1778 412 1863 magnitudo
425 1777 564 1845 deberet
584 1779 727 1844 homines
752 1778 1044 1864 adsuscipiendum
1066 1758 1207 1844 discendi
1229 1778 1278 1844 la-

230 1895 343 1960 horem
362 1895 534 1980 impellere.
570 1894 644 1972 Sed,
668 1916 686 1961 o
709 1896 740 1959 di
760 1893 962 1971 immortales,
983 1895 1203 1977 non'dicerem
1218 1895 1278 1972 hoc

235 2012 380 2075 audiente
404 2009 580 2086 Scaevola,
611 2013 672 2075 nisi
700 2014 767 2097 ipse
795 2011 900 2075 dicere
924 2011 1040 2075 soleret
1062 2011 1179 2077 nullius
1202 2014 1278 2077 artis

235 2126 410 2192 faciliorem
431 2126 503 2191 tsihi
530 2129 739 2210 cognitionem
765 2127 875 2192 videri.
936 2125 1008 2191 186.
1038 2125 1129 2204 Quod
1155 2129 1278 2213 quidem

231 2358 259 2397 v.
279 2341 367 2396 ortu.
391 2341 427 2394 au
444 2342 505 2395 mv.
521 2306 648 2397 nxxrv.
666 2343 715 2408 ac,
733 2343 757 2396 t.
784 2341 875 2395 tuom.
894 2340 930 2394 an
948 2340 1004 2395 on.
1022 2340 1099 2399 naeu.
1120 2362 1147 2414 ρ.
1169 2344 1223 2399 tss.
1241 2371 1276 2382 -

231 2430 291 2479 non
308 2427 402 2493 nouis]
420 2443 479 2479 non
495 2444 548 2481 om.
568 2427 620 2483 Gn.
638 2428 663 2481 3.
678 2456 715 2466 --
735 2427 907 2493 divortium]
926 2427 1091 2480 decortinm
1110 2427 1159 2497 Lg.
1174 2428 1214 2483 13.
1233 2429 1276 2483 31.

230 2510 326 2566 hamb.
357 2512 484 2565 divortio
498 2513 514 2563 4
527 2529 597 2565 corr.
614 2541 644 2551 -
664 2514 695 2564 in
708 2509 825 2564 concub,
842 2510 951 2578 locunt]
967 2515 1000 2565 in
1014 2528 1094 2565 conc.
1110 2512 1173 2566 ioco
1191 2511 1241 2583 hg.
1251 2513 1275 2567 1.

229 2595 273 2651 81.
290 2595 335 2652 84.
360 2595 432 2649 Vict.
460 2595 512 2649 Gn.
534 2595 556 2649 l.
575 2594 600 2647 1.
618 2595 643 2649 3.
679 2598 712 2648 in
730 2611 784 2647 om.
801 2594 844 2648 39.

164 2682 166 2687 ’
228 2720 231 2725 ·
322 2695 379 2751 184.
415 2695 491 2750 hoec
511 2698 614 2766 ipitnr]
635 2694 709 2747 laneo
728 2710 796 2764 erpo
815 2692 866 2750 Gn.
885 2697 910 2750 3.
929 2725 966 2735 -
991 2702 1021 2749 et
1038 2695 1157 2760 celsum]
1174 2701 1204 2747 ei
1221 2713 1275 2750 om.

220 2782 283 2852 Lg.
303 2781 393 2834 land.
421 2780 568 2834 excelsum
588 2779 657 2832 vict.
675 2807 711 2817 -
731 2783 819 2845 atque
836 2778 929 2845 onitu]
946 2780 986 2831 sic
1004 2797 1054 2848 pro
1073 2795 1110 2830 ae
1126 2778 1224 2847 scripsi
1241 2797 1277 2832 ex

231 2865 282 2934 Ing.
302 2862 409 2929 nulli,
435 2879 550 2930 quorum
567 2872 629 2916 sunt
648 2862 672 2915 1.
692 2864 717 2916 3.
736 2864 761 2914 4.
779 2861 803 2915 5.
822 2862 847 2915 o.
868 2864 909 2917 13.
928 2864 1027 2918 11111.
1047 2863 1090 2916 13.
1109 2863 1152 2915 14.
1169 2863 1213 2916 36.
1233 2863 1281 2916 65:

179 2996 186 3009 ,
230 2949 275 3002 417.
295 2948 336 3001 70.
356 2947 398 3000 73.
418 2946 458 3000 76.
481 2947 509 3000 it.
530 2947 581 3000 Gn.
600 2947 625 3000 1.
643 2947 668 3001 3.
686 2975 723 2987 ·-
748 2940 814 2998 cuin
830 2948 952 3017 niagno]
976 2946 1059 3017 vulgo
1077 2945 1132 3000 inv.
1167 2944 1278 2999 Mutuvi

234 3050 269 3085 ex
287 3031 337 3101 Lg.
359 3029 482 3083 omnibus
501 3039 610 3100 praeter
627 3030 668 3084 81.
684 3031 725 3084 84.
744 3029 787 3099 93.
810 3058 847 3070 -
876 3033 977 3101 inponi
992 3037 1021 3083 et
1039 3031 1155 3098 consili]
1180 3031 1278 3101 scripsi

233 3134 267 3169 ex
279 3115 335 3185 Lg.
354 3114 379 3168 1.
397 3113 439 3168 65.
460 3113 500 3168 70.
519 3143 553 3154 -
569 3119 772 3186 porrigentem
789 3121 878 3183 atque
896 3115 1074 3182 tendentem]
1092 3115 1207 3168 alterum
1224 3132 1276 3184 pro
1301 3112 1304 3119 ’

121 3260 124 3269 ¹
210 3192 475 3269 ‘interpretamento
499 3198 589 3252 habeo
614 3215 665 3268 per
688 3205 778 3268 nique
801 3198 961 3266 particulam
984 3198 1109 3251 adiecto:
1135 3218 1161 3253 v.
1187 3200 1222 3252 od
1241 3198 1275 3254 11.

228 3284 396 3350 33,144.-
413 3286 445 3339 in
460 3284 580 3354 primis]
599 3280 645 3354 ὑφ’
665 3283 696 3336 ἓν
712 3282 763 3352 Lg.
780 3282 822 3336 76.
836 3281 870 3334 84
886 3281 948 3351 (hic
960 3282 1079 3352 impr.),·
1096 3299 1122 3337 v.
1137 3284 1275 3353 explicatt.

229 3367 502 3433 3411.11,94.-
530 3368 590 3434 est]
609 3383 662 3420 om.
682 3365 778 3420 Gai.
828 3380 832 3386 ’

317 3467 390 3522 XLl.
429 3467 486 3533 185.
522 3466 718 3538 impudentia]
736 3465 939 3538 imprudentia
955 3464 1007 3535 Lg.
1024 3466 1049 3519 3.
1068 3467 1092 3519 4.
1114 3468 1154 3520 14.
1174 3465 1213 3521 15.
1232 3465 1275 3519 11.

229 3552 273 3606 67.
295 3552 336 3607 76.
355 3553 394 3604 ita
412 3568 481 3604 corr.
497 3550 521 3604 5.
542 3568 602 3604 vor.
621 3551 662 3605 31.
677 3582 712 3589 -
730 3551 834 3617 etiam]
852 3568 904 3604 om.
924 3550 995 3604 Vict.
1016 3551 1093 3618 ponit
1108 3558 1171 3619 post
1189 3557 1278 3619 atque
1383 3586 1387 3591 -

228 3635 279 3690 Gn.
297 3635 318 3690 1.
334 3665 369 3675 -
387 3636 576 3704 segnitatem]
596 3639 758 3705 segnitiam
773 3633 823 3704 ng.
835 3633 875 3688 13.
887 3634 921 3688 31
932 3652 1002 3687 corr.
1021 3632 1115 3687 Lamb.
1145 3637 1278 3703 sepnium

230 3719 281 3773 Gu.
296 3720 321 3773 3.
343 3708 524 3772 Ἠοεῑίῑυῑιιιυε
545 3718 618 3786 quod
636 3717 744 3771 Nonius
761 3717 844 3770 habet
863 3736 887 3787 p.
904 3718 1068 3783 174111-
1087 3723 1177 3786 atque
1195 3716 1278 3785 diffi-

229 3803 309 3872 mita]
328 3803 410 3873 vulgo
426 3819 478 3864 ac‚·
499 3802 600 3855 mutavi
611 3802 759 3855 secundum
773 3801 823 3874 Lg.
837 3802 901 3868 XX,
919 3819 1035 3871 purorum
1047 3809 1158 3871 praeter
1171 3800 1195 3853 1.
1214 3801 1279 3852 boni

226 3893 290 3936 sunt
307 3893 457 3947 omnes‚,et
477 3884 528 3937 Gn.
543 3887 568 3939 1.
586 3914 622 3924 -
640 3903 657 3939 o
676 3885 720 3952 di]
738 3886 836 3954 scripsi
854 3887 1003 3938 secundnm
1021 3885 1070 3955 Lg.
1086 3885 1111 3937 5.
1132 3884 1171 3938 15.
1187 3884 1227 3937 70.
1240 3912 1277 3923 -
1296 3899 1299 3907 ’

227 3968 425 4034 immortales]
447 3967 622 4021 inmortales
644 3967 693 4038 Lg.
713 3967 931 4024 14.39.811.-
963 3972 1061 4023 dicere
1080 3968 1197 4035 soleret]
1219 3967 1276 4021 inv.

227 4048 298 4100 vict.
317 4076 353 4089 —-
375 4050 444 4117 sihi]
462 4051 540 4120 ponit
558 4058 620 4119 post
636 4052 749 4109 nuliius
767 4053 839 4106 Viet.
860 4052 911 4108 Gn.
930 4053 955 4108 1.
979 4052 1030 4124 Lg.
1050 4052 1092 4107 st.
1111 4051 1153 4106 84.
1179 4049 1277 4120 steph.

227 4129 296 4185 lunt.
315 4130 392 4187 Mau.
427 4133 540 4187 nulline
557 4135 652 4204 igitur
670 4140 747 4190 artis
763 4135 816 4189 Gn.
838 4136 862 4189 l.
