2958 4584
385 230 451 349 ⁸nu
479 236 989 350 consentanearum.
1116 284 1228 359 sss

168 444 178 483 ²
258 436 315 519 Xl.
342 451 393 518 44.
416 450 473 529 lta,
494 453 593 539 inquit
608 451 778 530 Antonium
800 460 832 518 et
852 452 939 519 ines
961 450 1084 537 quiden
1102 471 1219 537 genens

153 573 246 651 ‚scio
268 582 299 637 et
319 581 419 661 meet
440 590 560 648 omnes,
582 572 635 656 qni
650 569 812 647 alluerant,
835 569 1007 635 delectatos
1028 590 1102 636 esse
1123 570 1220 638 vehe-

142 699 145 703 ’
177 699 305 766 menter,
333 709 401 755 cum
428 698 501 754 ate
528 681 577 753 est
598 685 723 774 Popilia
743 696 843 752 mater
863 697 970 754 vestra
989 687 1218 767 laudaa3=eui
1239 734 1247 743 -
1317 685 1344 708 ²

175 810 301 892 primunr
322 806 447 872 mulieri
469 805 550 871 hunc
572 804 723 871 honorem
743 807 777 869 in
798 813 908 871 nostra
926 807 1051 872 civitate
1072 806 1218 872 tributum
1289 878 1294 890 ,

173 933 252 1009 puto.
290 921 356 989 Sed
377 943 444 992 non
463 924 577 997 omnia,
600 940 803 1009 quaecunque
825 921 990 1008 loquimur,
1012 923 1088 988 milri
1108 924 1218 990 viden-

169 1049 218 1104 tur
239 1041 281 1105 ad
299 1051 397 1107 artem
418 1050 449 1106 et
472 1040 512 1106 ad
526 1050 695 1127 praecepta
715 1059 788 1106 esse
805 1041 996 1106 revocanda.
1029 1039 1081 1106 45.
1103 1038 1151 1107 Ex
1165 1040 1217 1108 lris

170 1158 254 1221 enim
280 1157 432 1236 tontibus,
460 1157 541 1222 uude
569 1159 675 1222 omnia
696 1168 879 1223 ornamenta
901 1157 1026 1224 dicendi
1047 1161 1215 1237 sumuntur,

167 1273 278 1340 licebit
299 1275 394 1339 etiam
413 1273 626 1351 laudationem
647 1293 760 1346 ornare
781 1295 882 1361 neque
904 1274 963 1340 illa
982 1274 1217 1368 Qtade·
1261 1278 1269 1345 l

167 1390 330 1469 siderare3
353 1411 433 1477 quae
456 1400 488 1456 ut
506 1408 597 1456 neruo
619 1391 730 1468 tradat,
752 1392 821 1475 quis
844 1402 901 1469 est,
923 1394 977 1476 qui
996 1394 1118 1480 nesciat
1135 1413 1216 1477 quae

167 1518 241 1573 sunt
263 1510 297 1573 in
317 1507 448 1575 homine
463 1506 650 1572 laudandet
693 1506 810 1571 Positis
832 1507 914 1570 eninr
935 1509 976 1572 iis
998 1509 1108 1587 rebus,
1136 1526 1241 1595 quas·

167 1621 308 1697 Crassus
335 1625 369 1688 in
395 1624 481 1688 illius
509 1625 661 1688 orationis
690 1641 782 1700 suae,
810 1640 903 1706 quarn
929 1633 1038 1689 contra
1059 1626 1216 1712 collegam

166 1839 220 1910 lag.
239 1850 348 1911 praeter
365 1841 437 1909 illos,
456 1857 524 1910 qnos
541 1841 631 1894 statim
649 1840 745 1894 dicam.
772 1837 845 1893 Nam
862 1838 905 1892 ud
922 1842 1022 1892 omnio
1040 1847 1217 1897 ornamenta

166 1924 291 1979 «licendi
302 1931 466 1997 praecepta
483 1924 553 1979 vtes.
578 1923 675 1995 Steplr.
700 1925 730 1977 Z.
749 1930 774 1989 β.
788 1925 814 1977 d.
835 1922 886 1977 Gn.
904 1925 930 1978 3.
950 1923 1009 1982 nrt.
1030 1924 1080 1996 Lg.
1100 1925 1124 1980 2.
1145 1928 1170 1981 3.
1189 1930 1214 1983 4.
1241 1946 1243 1953 ·

168 2008 271 2063 1317.
294 2009 337 2063 20.
362 2011 396 2064 m
413 2027 484 2064 corr.
508 2008 551 2064 33.
577 2007 619 2064 36.
643 2006 686 2062 67.
710 2008 752 2061 84.
788 2006 868 2062 Unus
884 2007 909 2062 6.
934 2007 977 2073 ad
993 2014 1093 2063 omnia
1111 2019 1215 2066 onsate

167 2093 224 2148 nte.
241 2106 287 2165 pr.
313 2093 372 2147 Pro
391 2094 433 2147 ad
446 2093 504 2148 llrl.
520 2093 543 2148 l.
564 2100 610 2156 et,-
628 2093 726 2146 omittit
744 2092 832 2146 llavn.
846 2092 871 2148 3.
898 2092 939 2146 Ut
952 2091 1001 2163 ng.
1017 2095 1122 2164 optimi,
1139 2096 1216 2151 dedit

167 2177 337 2235 Sclrnetnius.
371 2178 541 2251 Praecepta
558 2178 705 2248 ascriptum
723 2177 834 2231 videtur·
848 2176 883 2230 ab
900 2194 945 2243 eo,
962 2178 1007 2246 qni
1025 2178 1116 2233 sontes
1135 2198 1214 2233 orna·

167 2270 320 2315 mentorum
334 2262 442 2317 dicendi
457 2264 643 2334 explicaturus
663 2270 750 2326 esset;
768 2263 842 2329 quod
861 2278 921 2315 cnm
935 2261 962 2314 ln
974 2263 1060 2316 verba
1073 2264 1214 2332 scriptoris

166 2346 332 2415 irrepsisset,
350 2356 445 2400 secuta
457 2357 499 2400 est
511 2347 598 2400 altera
611 2346 787 2417 interpolatio
802 2347 850 2400 ad.
875 2345 1028 2399 Praeterea
1039 2346 1101 2399 lnce
1115 2347 1214 2401 clarius

168 2436 211 2482 est
229 2430 303 2497 quod
314 2427 436 2485 Orellius
451 2432 563 2497 monuit,
579 2432 720 2484 elementa
734 2431 826 2484 statim
840 2430 893 2483 dici
905 2438 1053 2500 praecepta
1065 2429 1214 2500 rhetorum,

168 2530 259 2582 eaque
277 2518 460 2569 ornamentis
478 2516 589 2585 opponi.
603 2544 642 2556 ·-
674 2516 840 2581 asumuntur]
865 2520 1017 2567 sumeretur
1036 2513 1125 2567 llavrr.
1146 2514 1169 2569 l.
1187 2515 1213 2572 3.

167 2598 240 2652 vtcr.
259 2598 321 2654 Ald.
341 2598 410 2654 lunt.
431 2599 502 2654 Crat.
518 2598 596 2655 Man.
619 2600 665 2654 De
679 2600 731 2654 Gn.
745 2601 767 2654 l.
779 2599 804 2652 2.
823 2606 895 2650 errat
909 2597 1089 2652 flenrtcnsen.
1114 2599 1214 2669 Aptutn

166 2699 222 2735 non
242 2691 293 2748 est,
311 2684 378 2753 quia
393 2687 542 2755 generatim
561 2684 658 2738 dicitnr
676 2692 704 2737 et
721 2683 864 2757 ἀορίστως,
882 2699 937 2734 non
955 2681 1080 2735 decerta
1098 2685 1213 2751 quadarn

166 2767 359 2820 sumendorum
378 2778 598 2836 ornamentorum
615 2787 699 2822 causa
716 2778 744 2822 et
762 2767 932 2839 condicione.
945 2794 980 2808 κ-
999 2766 1213 2840 laudationem]

167 2856 334 2907 orationem
343 2852 393 2924 ng.
404 2854 429 2908 3.
439 2854 480 2908 23.
491 2853 534 2908 67.
543 2884 578 2894 -
592 2855 706 2922 trudat]
720 2840 969 2923 rradtrhg.17.—
982 2854 1062 2920 sant]
1075 2854 1214 2926 vulgatum

167 2940 243 3001 sint,
272 2939 345 3006 qrnod
368 2955 418 3009 per
441 2954 471 2991 se
494 2955 550 2990 nou
573 2939 661 2991 miuus
683 2925 863 3000 llonnm'est,
887 2937 995 2997 correxi
1021 2955 1055 2992 ex
1074 2928 1124 3011 Lg.
1142 2942 1167 2997 ⁴2.
1186 2944 1210 3000 4.

165 3020 200 3074 32
217 3038 288 3076 cerr.
312 3023 354 3077 36.
381 3023 432 3076 Gn.
459 3021 484 3076 3.
508 3039 561 3076 om.
586 3022 626 3078 13.
665 3016 764 3088 Quae,
788 3023 806 3078 i.
826 3039 849 3077 e.
873 3039 909 3075 ea
927 3038 1010 3092 qaae.
1032 3028 1212 3098 -posdttsl

162 3109 261 3176 poscit
279 3105 329 3177 ng.
347 3107 372 3160 ⁸2.
396 3111 494 3178 parsu
511 3108 536 3160 4.
555 3106 597 3161 13.
617 3105 651 3160 36
668 3123 740 3160 corr.
760 3107 802 3162 36.
828 3111 947 3181 peracit
966 3107 1017 3161 Gn.
1035 3107 1060 3162 3.
1083 3100 1213 3181 poasstls

165 3189 190 3244 5.
206 3190 249 3243 21.
263 3186 382 3245 2lcorr2
398 3190 440 3246 65.
459 3191 550 3245 84-
568 3192 618 3258 ils]
639 3195 670 3244 in
687 3190 736 3261 Lg.
749 3190 773 3244 2.
787 3193 811 3246 3.
826 3193 850 3247 4.
869 3191 916 3247 13..
926 3191 969 3246 37.
987 3192 1030 3248 36.
1049 3192 1091 3248 67.
1112 3194 1217 3263 Gu.3.,

165 3273 240 3342 qnod
262 3292 330 3328 sane
352 3277 437 3346 magis
456 3275 533 3337 lavet
549 3284 661 3344 recepto
680 3262 760 3345 quarn
779 3275 1011 3346 sempiternalis,
1035 3294 1106 3345 qnae
1126 3279 1212 3333 estin

164 3357 206 3412 63.
227 3358 321 3415 Gu.1.
354 3365 386 3414 tn
403 3359 451 3413 leis
467 3359 493 3413 6.
512 3359 546 3412 nt
563 3376 633 3413 corr.
660 3359 802 3427 arss(om.
822 3359 926 3427 tn)81.
955 3359 988 3423 dt
1002 3361 1044 3416 84.
1062 3393 1099 3403 -
1128 3366 1212 3434 suae]
1314 3398 1326 3411 .

166 3459 220 3497 orn.
240 3442 292 3497 Gn.
311 3443 337 3498 3.
362 3473 399 3486 —-
427 3444 582 3515 collcpom]
607 3445 760 3515 conlepum
782 3442 833 3514 Lg.
855 3443 897 3498 65.
919 3444 960 3499 70.
979 3445 1019 3499 73.
1061 3448 1162 3503 Rarius
1186 3458 1214 3504 et

164 3525 193 3580 in
211 3527 386 3597 paucioribus
409 3529 485 3583 libris
509 3528 563 3581 lroc
583 3530 698 3598 reperiri
721 3538 825 3605 certum
849 3538 905 3594 est,
928 3530 980 3582 etsi
1004 3546 1059 3584 non
1077 3533 1143 3587 nulli
1166 3534 1213 3588 ad·

164 3622 297 3675 amarunt.
320 3611 440 3668 Omnino
455 3614 570 3667 formam
585 3613 777 3668 asslnrilatione
789 3613 915 3669 affectam
928 3615 1021 3683 sperni
1033 3632 1087 3669 non
1101 3617 1213 3685 debere,

163 3696 187 3749 sl
213 3696 344 3751 librorum
370 3697 455 3752 fldem
477 3715 644 3764 reversare,
677 3698 750 3752 clare
777 3699 897 3752 ostendit
921 3707 1018 3751 contra
1040 3700 1213 3757 Wunderunn

163 3778 318 3836 Freuudins
335 3784 372 3836 ed
392 3782 447 3843 cre.
470 3800 497 3854 p.
518 3782 579 3837 Mil.
601 3792 632 3852 p.
643 3780 703 3847 nu,
722 3783 774 3835 etsi
791 3799 848 3836 non
865 3782 956 3836 omnio
973 3800 991 3836 a
1007 3787 1212 3855 praepositione

164 3880 233 3918 cam
256 3867 409 3937 composita
431 3868 491 3937 pari
516 3867 647 3937 dignitate
665 3867 787 3937 putanda
809 3876 880 3924 sunt.
915 3866 988 3922 Nam
1009 3875 1164 3925 connsnnls
1184 3879 1213 3925 et

162 3965 295 4021 conpare
319 3952 477 4005 tenuissimo
499 3953 662 4006 auctoritate
684 3960 762 4016 sunt3
787 3952 869 4023 longe
888 3951 1212 4009 tirmiortnmmutctons

162 4035 286 4089 niteretur
308 4034 447 4088 conlatus
467 4036 622 4091 conlocare
642 4037 780 4105 conlepae
802 4038 937 4106 posterius
962 4036 1109 4088 assimilata
1126 4054 1212 4104 sprae-

163 4118 301 4187 positione
325 4121 407 4174 scribi
432 4128 546 4191 propter
569 4122 623 4176 ulla
647 4120 758 4189 saepius
781 4123 913 4188 integram
937 4116 1077 4171 servantia
1102 4117 1212 4168 damnat
