2980 4602
409 295 470 362 nn
498 293 727 362 nunnoni:
754 296 879 364 nunna
900 298 923 365 ι.
946 299 997 367 so.
1139 290 1229 374 rao

186 485 227 530 ne
251 483 305 541 eu,
333 464 361 529 si
386 451 433 528 nh
453 420 669 530 adoi‘escentia
694 465 755 530 iuri
782 442 990 532 civiii'minus
1013 467 1230 547 studuerimus,

185 601 251 647 non
272 600 420 667 queamus
443 600 647 666 cognoscere

270 695 355 762 LIX
408 695 534 763 Nihilne
570 700 666 782 igitur
697 698 825 784 prodest
863 701 981 764 oratori
1016 702 1094 765 iuris
1126 701 1230 768 civilis

187 816 340 880 scientiat
383 812 454 880 Non
474 830 602 901 possum
627 835 746 900 negare
769 815 922 903 prodesse
947 815 1044 881 ullam
1067 820 1231 884 scientiam

188 933 220 997 ei
240 933 439 1018 praesertim,
467 934 555 999 cuius
582 932 762 1019 eloquentia
784 934 876 1018 copia
897 952 1001 999 rerum
1023 934 1136 1000 debeat
1158 955 1232 1001 esse

186 1059 315 1126 omata3
346 1048 403 1114 sed
430 1048 527 1114 multa
553 1058 583 1113 et
609 1069 725 1133 magna
751 1060 781 1115 et
803 1028 950 1115 diflicilia
976 1061 1046 1115 sunt
1066 1071 1121 1129 ea,
1150 1068 1231 1138 quae

186 1175 257 1230 sunt
278 1167 396 1232 oratori
417 1168 679 1243 necessarimm
702 1169 770 1232 eius
792 1152 976 1233 industriam
998 1169 1030 1232 in
1052 1167 1144 1254 plura
1166 1179 1230 1234 stu-

187 1282 242 1347 dia
263 1282 437 1349 distrahere
459 1282 566 1348 nolim.
604 1283 677 1347 251.
701 1281 780 1361 Quis
801 1295 895 1368 neget
916 1304 993 1371 opus
1016 1305 1089 1350 esse
1112 1288 1232 1352 oratori

66 1392 68 1395 ’
185 1400 220 1464 in
241 1399 300 1466 hoc
323 1401 461 1495 oraturio
484 1409 567 1466 motu
588 1410 729 1484 statuque
751 1398 860 1465 Roscii
887 1411 1007 1484 gestum
1029 1413 1060 1467 et
1080 1413 1230 1469 venusta-

184 1523 272 1582 temi
331 1515 454 1581 Tamen
483 1535 574 1583 nemo
613 1517 749 1580 suaserit
781 1516 929 1581 studiosis
964 1519 1088 1584 dicendi
1117 1519 1231 1585 'adole-

107 1622 121 1643 ’
186 1632 347 1699 scentihus
375 1635 408 1697 in
433 1643 525 1717 gestu
552 1632 703 1713 discendo
731 1631 915 1697 histrionum
940 1653 1026 1699 more
1053 1635 1230 1701 elaborare.

156 1723 160 1731 ⁸
186 1747 271 1828 Quid
298 1759 346 1814 est
371 1751 488 1814 oratori
514 1759 577 1814 tam
603 1750 834 1823 necessarium,
868 1766 959 1832 quam
985 1755 1069 1814 voxt
1097 1748 1234 1817 ¹'i'ameu

185 1887 234 1932 me
263 1877 390 1935 auctore
417 1848 517 1932 nemox
538 1865 663 1931 dicendi
685 1865 842 1930 studiosus
866 1863 1059 1931 Graecorum
1082 1888 1168 1933 more
1193 1870 1234 1948 [et

187 1985 417 2068 tragoedorum]
445 1982 516 2048 voci
549 1983 678 2058 seruiet,
711 1964 763 2066 qui
794 1992 824 2053 et
851 2001 950 2047 annos
982 1983 1148 2069 compluris
1180 2005 1231 2050 se-

188 2102 294 2167 dentes
327 2100 529 2166 declamitant
562 2108 593 2163 et
626 2097 758 2175 cotidie,
797 2107 868 2164 ante
904 2119 996 2184 quam
1027 2104 1232 2189 pronuntient,
1260 2118 1265 2126 ’

186 2238 296 2287 vocem
327 2217 477 2286 cubantes
505 2217 624 2282 sensim
655 2217 790 2281 excitant
821 2215 1028 2307 eundemque,
1060 2238 1129 2283 eum
1157 2198 1233 2301 ege-

188 2431 232 2487 21.
249 2431 292 2486 23.
311 2431 355 2485 35.
372 2431 415 2486 65.
433 2430 476 2484 67.
495 2430 535 2483 71).
556 2431 597 2484 76.
616 2430 658 2497 81.
676 2431 718 2486 84.
736 2432 837 2486 86-
866 2433 1050 2503 euanescere]
1074 2448 1234 2502 ayaosoere

188 2513 605 2587 Qfflffiffimwffi

275 2598 350 2653 LIX.
386 2597 661 2670 allam11llamhg.
681 2598 722 2654 16,
743 2599 960 2655 7117386.-
983 2598 1234 2668 copta]otcopta

189 2682 241 2755 Lg.
262 2684 294 2738 15
312 2700 383 2738 corr
420 2687 573 2754 copiarum
596 2684 639 2737 67
664 2684 710 2752 qui
733 2701 785 2739 om.
805 2700 969 2738 rerum.—
1001 2679 1122 2750 debeat]
1148 2681 1234 2735 debet

188 2767 238 2840 ng.
257 2770 282 2822 6
302 2769 404 2823 73—
399 2767 482 2835 at]
508 2774 542 2820 at
566 2766 618 2823 Gu.
639 2766 661 2822 1
682 2769 707 2822 2.
728 2767 1021 2840 Lg.praeter17.-
1050 2765 1234 2836 distrahere]
1302 2828 1309 2846 ι

190 2852 324 2908 distrahi
338 2851 390 2923 Lg.
407 2851 450 2906 86.
470 2851 531 2905 Ald.
551 2850 624 2906 Crut.
644 2850 720 2907 Man.

273 2937 334 2992 251
369 2939 496 3007 aestum]
513 2944 599 3009 qesta
614 2935 664 3008 Lg.
682 2938 721 2991 14.
741 2936 780 2991 15.
809 2942 921 2990 statam
941 2936 1032 2997 15.—
1051 2941 1080 2988 et
1097 2942 1233 2989 vesama-

183 3022 260 3094 lem]
276 3039 312 3074 ac
324 3039 385 3075 aea
400 3021 451 3092 ng.
465 3021 507 3076 21.
531 3027 682 3075 venustate
699 3023 739 3077 14.
755 3021 795 3081 15.
812 3019 903 3076 93—
919 3019 1039 3074 dtcendt
1051 3029 1080 3073 et
1092 3019 1233 3074 discendo
1343 3024 1345 3029 ’

188 3106 414 3175 confunduntur'
407 3122 435 3158 rn
452 3106 543 3159 multis
561 3105 627 3177 hg„
643 3113 677 3173 ,ut
694 3107 721 3159 in
739 3108 764 3160 3.
784 3105 808 3158 5.
826 3104 852 3159 6.
871 3104 913 3159 20.
933 3106 975 3159 21.
993 3104 1026 3157 24
1039 3121 1109 3159 corr.
1128 3104 1170 3159 65.
1190 3105 1233 3159 76.

186 3192 229 3245 84.
240 3220 277 3231 —-
295 3189 436 3244 discendo
454 3189 594 3242 insititium
605 3188 698 3243 Bakio
712 3189 830 3243 videtur.
842 3215 878 3228 —-
895 3188 1140 3256 adolescentibus]
1159 3189 1235 3241 ada-

102 3340 108 3349 ι
188 3274 256 3328 leuc.
280 3273 331 3343 hg.
348 3275 375 3328 5.
395 3275 437 3328 65.
457 3270 499 3327 70.
518 3273 559 3328 73.
578 3273 620 3327 84.
637 3272 680 3327 93.
717 3272 1002 3327 anatematizatus.
1020 3300 1057 3312 -
1086 3273 1234 3343 quidest]

189 3358 264 3428 qaid
278 3362 358 3411 enim
375 3358 427 3429 ng.
443 3357 482 3412 15.
496 3386 532 3398 -
550 3365 579 3410 et
597 3357 819 3429 traqoedoram]
838 3356 877 3408 sic
888 3356 1013 3425 pierique
1027 3356 1106 3411 codd.
1121 3367 1149 3410 et
1162 3356 1235 3423 edd,

187 3443 270 3494 etiam
287 3441 338 3496 Gn.
351 3441 373 3495 Ι.
382 3444 408 3497 2.
427 3442 498 3495 vict.
516 3441 566 3512 ng.
579 3459 674 3495 omnes
688 3450 799 3513 praeter
812 3440 851 3494 16.
863 3440 904 3493 73.
917 3439 971 3506 86,
990 3441 1035 3508 qui
1051 3446 1081 3493 et
1098 3441 1233 3511 omittunt,

187 3534 217 3579 ut
232 3527 286 3579 iam
299 3524 449 3579 Lambinus
466 3535 522 3580 tres
538 3542 603 3579 suos
618 3526 697 3580 codd.
713 3535 823 3580 secutus
837 3523 949 3577 fecerat.
975 3523 1081 3578 Probat
1091 3522 1233 3595 Pearcius.

186 3610 292 3663 Verum
315 3626 371 3665 non
394 3611 483 3664 solum
501 3610 602 3664 Graeci
626 3611 765 3681 tragoedi,
787 3608 837 3662 sed
860 3606 941 3661 etiam
957 3606 1074 3670 Romani
1096 3610 1160 3662 voci
1178 3600 1236 3662 ser·

186 3693 309 3748 viebont.
346 3701 400 3749 aat
423 3695 554 3766 traqoed.
580 3693 641 3749 Pal.
660 3702 730 3764 sept
760 3692 847 3748 Uneis
868 3692 967 3759 clausi,
989 3710 1016 3748 v.
1029 3693 1234 3763 ›explicata-

187 3778 362 3851 compdarts]
388 3780 486 3849 scripsi
507 3778 655 3833 secundum
679 3778 729 3849 ng.
754 3780 779 3833 3.
805 3777 830 3832 5.
858 3776 898 3832 16.
923 3777 966 3831 21).
988 3777 1031 3832 23.
1054 3778 1097 3832 65
1122 3777 1164 3831 76.
1191 3777 1234 3849 73.

186 3863 253 3916 item
272 3862 329 3929 14.,
348 3865 376 3917 in
395 3881 450 3932 quo
467 3863 617 3936 coaptarit
634 3862 800 3936 (coaptares
815 3861 872 3930 81.)
891 3870 918 3915 et
935 3861 993 3928 93.,
1012 3863 1038 3914 in
1058 3877 1112 3930 quo
1131 3878 1235 3930 wam-

182 3946 292 4018 pdarts.
318 3948 412 4002 Verbo
429 3951 481 4016 qut
499 3947 694 4002 declamitant
711 3965 763 4003 om.
779 3947 831 4002 Gn.
846 3946 871 4001 1.
906 3901 1064 4000 οἱαηι11απί
1081 3943 1131 4015 Lg.
1147 3945 1188 3998 16
1199 3973 1236 3987 ·-
1284 3949 1291 3970 '

189 4031 312 4099 condio]
330 4033 370 4085 sic
382 4030 433 4103 hg.
445 4032 488 4086 35.
503 4032 546 4086 67.
558 4033 601 4086 73.
612 4032 655 4087 81.
671 4061 707 4071 -
723 4037 793 4084 aute
806 4031 907 4102 qaam]
921 4036 1010 4083 antea
1022 4043 1112 4096 qaam
1128 4025 1178 4095 Lg.
1191 4027 1236 4082 14.

191 4112 233 4171 15.
244 4113 288 4169 63.
301 4114 346 4171 93.
365 4141 401 4160 ·-
416 4116 619 4191 manumitteret]
636 4131 688 4184 per
705 4130 722 4169 a
738 4113 788 4184 hg.
800 4115 842 4170 73.
859 4114 932 4167 vicu
948 4113 990 4179 (is
1007 4112 1046 4162 ito
1062 4108 1190 4175 semper).
1203 4135 1235 4146 -
