2980 4602
238 274 347 349 Ν·
606 266 938 337 veresimilis*-
1041 276 1047 307 ³

240 440 317 512 tuos
338 433 566 527 πραγματικοί
584 447 749 506 rorantur:
776 438 823 502 sic
845 437 879 502 in
899 443 1009 501 nostra
1029 433 1154 500 civitate
1177 444 1287 507 contre

243 557 454 644 amplissimus
469 559 602 643 quisque
621 566 652 621 et
670 554 866 622 clarissimus
881 553 939 628 vir,
958 549 1071 628 utillo,
1093 552 1145 636 qui
1163 562 1288 638 propter

212 749 214 752 Α
242 672 325 746 bane
338 675 416 746 iuris
426 673 529 742 ciuilis
542 675 706 740 scientiam
716 674 763 737 sic
778 669 952 758 appellatus
965 689 985 736 a
996 688 1115 771 summo
1126 677 1221 756 po'e'ta
1230 679 1288 747 ast,
1405 754 1410 759 Ι

273 827 302 849 '¹·
404 812 523 886 Egregie
541 814 670 868 cordatus
690 812 789 878 bomo,
809 819 885 865 cetus
906 809 999 863 Aelius
1016 809 1132 876 Sextus,

243 938 391 1024 multique
405 950 584 1026 praeterea,
607 941 669 1026 qui,
693 959 763 1005 cum
783 938 911 1022 ingenio
934 936 995 1001 sibi
1013 938 1163 1016 [auctore]
1187 914 1290 1018 digni-

243 1050 339 1120 tatem
365 1060 573 1143 peperissent,
605 1056 815 1144 perfecerunt,
846 1063 879 1119 ut
910 1055 943 1118 in
973 1052 1189 1139 respondendo
1220 1053 1289 1116 iure

247 1174 431 1242 alictarltate
467 1175 538 1262 plus
574 1176 690 1249 etiam,
733 1191 825 1256 quam
868 1173 937 1257 ipso
973 1170 1100 1253 ingenio
1138 1167 1289 1233 valerent

213 1268 219 1278 ¹
245 1286 318 1353 199.
351 1287 512 1356 Senectuti
536 1309 612 1356 vero
641 1288 851 1355 celebrandae
878 1296 908 1352 et
936 1285 1096 1357 amandae
1124 1286 1206 1370 quod
1233 1285 1291 1351 he·-

245 1407 365 1471 nestius
392 1417 593 1493 potestesse
620 1405 811 1493 perfugium,
839 1423 932 1489 quam
958 1405 1035 1467 iuris
1056 1404 1291 1488 interpretatio?

246 1517 399 1604 Equidem
427 1522 503 1588 mihi
529 1524 590 1589 hoc
617 1522 788 1588 subsidium
818 1523 881 1586 iam
909 1520 982 1585 inde
1010 1519 1049 1584 ab
1077 1517 1292 1584 adolescentia

95 1695 110 1711 ,
199 1624 428 1723 ‘comparavi
454 1660 518 1705 non
544 1640 645 1713 solum
673 1639 714 1709 ad
735 1657 901 1708 causarum
923 1657 1011 1702 nsum
1035 1636 1206 1714 sorensem,
1234 1633 1292 1701 sed
1400 1682 1409 1688 -
1481 1648 1482 1653 ’

247 1748 340 1825 etiam
363 1754 404 1820 ad
426 1756 521 1821 decus
545 1754 637 1842 atque
660 1762 872 1823 ornamentum
887 1755 1065 1830 senectutis,
1088 1763 1128 1829 ut,
1152 1773 1221 1818 cum
1242 1746 1291 1820 nie'

245 1871 330 1942 vires
347 1871 444 1963 (quod
465 1873 532 1945 tara
552 1876 748 1971 iamtempus
766 1872 925 1957 adventat)
949 1869 1291 1960 deicere‘coepisseut
1322 1886 1345 1925 2

247 2107 277 2175 et
291 2116 419 2191 clastra]
433 2126 520 2191 utque
531 2121 564 2177 el.
578 2121 786 2194 1311193.-
807 2118 920 2191 Aelius]
937 2120 1023 2174 Recte
1041 2121 1120 2176 codd.
1140 2138 1162 2175 s.
1181 2123 1208 2176 ln
1221 2121 1292 2189 edd,

249 2217 320 2270 quae
341 2204 582 2274 circumferuntur,
608 2207 674 2262 elidi
696 2208 806 2261 solitum
829 2207 957 2259 retinent.
991 2204 1036 2258 Ex
1057 2204 1198 2264 Ciceronis
1222 2209 1293 2261 enim
1362 2211 1367 2214 ’

248 2285 477 2363 1111180118,
497 2291 554 2356 161.
581 2292 747 2350 sttbtraetum
770 2291 879 2348 literam
903 2289 1056 2348 sibilantem
1081 2291 1292 2362 eloquentibus

247 2366 421 2442 perspicuum
438 2382 494 2441 est,
514 2392 568 2428 oon
586 2394 603 2428 a
621 2376 810 2431 scribentibus.
846 2374 908 2430 Nec
925 2383 1026 2444 pugnat
1043 2392 1104 2429 cum
1121 2376 1184 2443 tlto,
1202 2377 1293 2447 quiin

249 2457 307 2510 eius
320 2457 407 2515 verba
420 2468 626 2526 commentatur,
644 2460 829 2518 Quintilianus
845 2459 891 2513 tx.
903 2460 929 2525 1,
942 2458 990 2523 38;
1009 2450 1187 2519 continuatur
1204 2472 1294 2515 atatem

247 2550 344 2601 noema
365 2543 437 2600 ratio
460 2552 575 2597 auctore
592 2544 718 2603 Maximo
735 2544 879 2598 Vlctorlno
898 2561 925 2613 p,
947 2543 1036 2609 leot,
1061 2562 1095 2598 ex
1120 2547 1195 2598 culus
1217 2547 1295 2600 dietis

250 2628 383 2695 quamvls
400 2626 521 2684 confusis
544 2637 652 2683 constat
672 2628 809 2683 nonnullis
828 2627 930 2685 illud-s
950 2629 1075 2697 sequenti
1096 2645 1236 2698 consonae
1256 2631 1295 2683 al·

247 2709 327 2780 ligari
350 2712 500 2780 placuisse,
524 2713 599 2769 velut
618 2703 928 2789 tasaottbu'spurnlar
953 2711 1027 2781 quod
1051 2713 1101 2766 etsi
1124 2712 1220 2764 salsum
1242 2722 1293 2779 est,
1326 2736 1330 2742 ·

250 2795 402 2864 excogitari
425 2804 516 2854 tamen
541 2814 596 2855 oon
619 2798 722 2867 potuit,
747 2797 770 2850 si
794 2789 876 2850 etiam
898 2797 1027 2866 seriptum
1050 2813 1065 2848 s
1088 2795 1242 2865 excidisset.
1258 2825 1295 2843 μ.

250 2877 442 2956 dtqattatem]
463 2877 566 2937 Omnes
585 2881 664 2939 codd.
676 2881 855 2953 praemittunt
873 2887 1004 2945 auctore,
1021 2879 1094 2950 qnod
1110 2897 1170 2937 cum
1184 2898 1219 2934 es
1233 2900 1294 2952 sqq.
1392 2871 1407 2882 ’

249 2960 331 3019 facile
351 2962 504 3022 adhaerere
521 2966 698 3034 potueritsu
714 2965 833 3024 Psarcio
852 2965 1025 3031 damnatum,
1047 2983 1064 3018 a
1080 2964 1144 3022 Seli.
1164 2974 1192 3019 et
1208 2966 1306 3022 llenr.⁴

249 3046 384 3128 abiectum
403 3057 452 3105 est.
490 3048 594 3107 Contra
611 3049 789 3120 dtpnttutem
806 3050 946 3107 Ciceronis
962 3067 1068 3108 maniam
1085 3066 1146 3107 esse
1163 3062 1295 3122 negantes

249 3135 429 3189 auctoritati
445 3133 544 3193 cedere
562 3135 699 3192 iusserunt
710 3134 857 3194 Huldricos
875 3143 902 3188 st
915 3134 1062 3205 Matthiae,
1080 3144 1110 3187 ut
1128 3137 1199 3208 coni.
1217 3136 1295 3190 Man.

249 3224 278 3272 ct
297 3224 388 3274 exstat
405 3218 432 3273 in
449 3236 501 3290 mg.
515 3219 541 3277 d.
571 3223 728 3276 eerttatcm
744 3221 808 3289 (pro
829 3219 987 3290 dipattete)
1005 3227 1030 3287 s.
1048 3249 1084 3263 —-
1099 3212 1313 3294 peperissent]

249 3306 427 3375 reportas-eat
445 3303 524 3362 codd.
544 3303 669 3374 plerique
687 3303 986 3379 (repperisset1253q
1013 3308 1210 3379 νιῃιοήεεοηι
1226 3307 1251 3360 3.
1270 3306 1294 3361 5.

248 3386 275 3442 d.
295 3386 335 3442 16.
354 3388 396 3446 21.
415 3388 458 3448 115.
476 3388 518 3449 di,
536 3388 578 3442 70.
597 3388 638 3447 73,
658 3389 692 3445 711
708 3405 778 3442 corr.
809 3387 868 3442 stat
884 3392 1083 3468 repperissent
1100 3388 1156 3458 10.)
1176 3400 1203 3446 et
1222 3392 1294 3463 vulg.

248 3471 284 3528 ab
302 3471 362 3533 Ald.
383 3471 452 3532 lunt.
483 3472 676 3551 Repertsseat
696 3473 757 3531 eod.
778 3470 874 3539 Lamb.
890 3473 1041 3544 pleraeque
1061 3473 1126 3547 edd„
1143 3477 1226 3546 antiq.
1243 3494 1296 3549 mg.

248 3556 322 3615 Crat.
342 3555 407 3616 Ero.
428 3556 491 3615 Seb.
510 3555 559 3616 Or.
579 3557 664 3614 Henr.
701 3556 784 3611 Prius
807 3557 929 3616 defendit
948 3568 1045 3613 contra
1064 3557 1131 3618 Ero.
1149 3557 1296 3628 Matthiae,

247 3641 298 3698 sed
321 3659 377 3700 non
401 3641 530 3711 probavit
552 3643 606 3703 dtct
629 3641 688 3698 sibi
705 3646 836 3715 reperire
856 3642 979 3713 aliquid.
996 3671 1033 3688 ν-
1060 3643 1137 3718 ture]
1159 3646 1199 3701 sic
1216 3647 1296 3706 codd,

247 3725 309 3782 atu.
329 3724 399 3786 lunt.
419 3727 508 3801 vulg:
530 3728 567 3788 de
585 3732 650 3788 ture
666 3729 727 3789 rell.
749 3728 811 3787 edd.
830 3729 914 3805 antiq.
933 3727 1001 3788 Era.
1020 3728 1086 3787 Scb.
1121 3727 1202 3788 Bene
1220 3732 1297 3800 prius

248 3808 370 3867 deteodlt
390 3808 490 3880 Motth.
1369 3817 1373 3824 “

336 3909 394 3966 lut.
429 3894 512 3981 tude]
530 3911 584 3967 boc
601 3930 654 3968 om.
668 3913 774 3985 Laut.
788 3915 832 3970 81.
851 3915 912 3973 edd.
928 3914 1071 3985 quaedam.
1100 3914 1298 3986 iampridem

248 3990 290 4050 tl.
323 3993 392 4047 inde
409 4012 461 4063 pro
481 3999 544 4065 tam
561 3995 603 4052 84.
621 4024 657 4041 ν-
687 3998 900 4066 adolescentie]
925 3998 1055 4052 adulesc.
1078 3996 1130 4068 hg.
1148 3999 1172 4052 5.
1193 3998 1236 4054 65.
1255 3999 1297 4061 70,
1388 3983 1394 3988 ⁴
1481 3992 1482 4003 ¹

248 4072 390 4134 1186.-
405 4078 592 4157 comparavi]
609 4086 777 4158 comparant
791 4081 862 4143 Viet.
879 4082 966 4142 Italici
980 4082 1088 4172 scribae
1100 4083 1299 4159 vestigium,-
