2968 4596
289 382 346 452 18
687 371 943 441 CICERONIS

291 550 438 632 deinceps
470 564 539 610 oum
566 545 781 629 magistratum
806 546 956 631 potiturus
984 543 1158 631 putubatur.
1210 545 1262 610 26.
1293 545 1336 611 IIi

290 669 389 754 primo
412 664 462 729 dio
482 662 520 727 ‹Is
541 661 1009 749 tomponbusdoquouniversa
1027 661 1218 748 republica,
1241 683 1337 750 qnam

291 785 331 851 ob
354 801 483 849 oausam
504 790 668 855 venerunt,
690 780 816 845 inultum
838 782 919 845 inter
940 800 974 844 se
995 799 1093 865 usqtie
1110 781 1150 845 nd
1165 792 1336 846 extromum

289 913 408 988 tompus
436 898 499 965 disi
527 898 672 964 collocuti
701 908 780 962 sunt.
824 895 894 976 Quo
921 896 1044 983 quidam
1072 918 1215 963 sermono
1237 899 1338 964 milita

291 1020 437 1085 divinitus
470 1037 490 1082 a
519 1014 619 1081 tribus
651 1015 717 1080 iIlis
748 1015 967 1080 consularibus
995 1013 1087 1081 Cotta
1113 1015 1277 1102 deplorata
1302 1028 1337 1082 ot

290 1145 532 1204 commemorata
552 1106 715 1209 narrarint,
745 1144 777 1197 ut
798 1132 876 1197 nihil
898 1133 1062 1198 incidisset
1082 1135 1336 1219 postoaoivitati

290 1255 380 1331 mali,
407 1254 489 1339 quod
516 1272 579 1317 non
605 1250 783 1337 inpendero
811 1250 859 1315 illi
880 1260 966 1316 tanto
989 1261 1060 1316 anto
1082 1251 1252 1328 vidissent3
1280 1251 1334 1316 27.

290 1393 329 1439 oo
353 1383 455 1437 nutem
477 1372 560 1435 omni
582 1387 724 1434 sermono
738 1367 889 1453 *contecto
910 1379 1027 1433 tantam
1043 1370 1076 1433 in
1092 1366 1210 1434 Crasso
1224 1368 1336 1435 huma-

290 1493 417 1556 nitatem
431 1487 545 1563 suisso‚
566 1496 611 1562 ut,
635 1505 727 1571 quom
742 1486 819 1551 lauti
836 1484 1068 1562 accubuissent,
1090 1486 1253 1552 tolleretur
1266 1507 1334 1552 om-

290 1609 340 1674 nis
363 1606 421 1671 illu
442 1604 613 1691 superioris
633 1604 761 1695 tristitia
774 1606 928 1669 sermonis
945 1623 1045 1689 saque
1061 1615 1147 1669 osset
1160 1606 1193 1669 in
1208 1604 1334 1670 homino

290 1725 465 1792 iucunditas
492 1722 522 1786 o't
547 1731 650 1786 tantus
678 1722 710 1785 in
737 1720 870 1787 iocando
896 1720 1000 1807 lepos,
1028 1732 1060 1785 ut
1083 1721 1151 1787 dies
1174 1723 1254 1787 inter
1274 1742 1333 1788 sos

283 1846 398 1911 aurine
411 1841 510 1907 fuisso
525 1838 696 1915 videretur,
714 1839 888 1903 convivium
902 1835 1086 1904 Tusculani.
1129 1838 1180 1905 28.
1200 1837 1333 1905 Postero

288 2067 377 2120 Iocum
402 2060 447 2116 III.
472 2061 497 2126 3,
518 2060 566 2122 ll,
599 2059 644 2114 ubi
670 2059 752 2113 Cotto
777 2058 873 2112 dicitur
895 2061 989 2130 paucis
1013 2061 1108 2115 diebus
1132 2070 1194 2132 pust
1217 2070 1333 2116 mortono

288 2149 377 2205 Crassi
396 2146 524 2217 depulsus
541 2162 591 2215 per
603 2144 730 2198 invidiam
747 2143 898 2210 tribunatu,
917 2146 992 2213 qnod
1007 2153 1082 2200 recte
1099 2146 1133 2200 de
1142 2147 1269 2219 petendo
1287 2147 1333 2199 tri-

286 2235 388 2288 bunatu
412 2230 561 2301 explicavit
584 2229 680 2285 Peurc.
706 2228 733 2281 in
756 2230 798 2283 eo.
818 2227 882 2296 lit,
908 2237 936 2282 et
956 2231 1044 2284 ottuiit
1064 2229 1124 2285 Liv.
1146 2230 1192 2289 III.
1212 2231 1260 2296 35,
1285 2231 1332 2284 ubi

289 2320 419 2373 deiectus
437 2315 515 2368 simili
534 2312 616 2367 modo
635 2321 794 2384 usurpatum
816 2314 849 2368 ct.
869 2313 929 2370 Liv.
943 2315 1071 2370 XXXIX.
1092 2316 1126 2370 32
1143 2316 1233 2384 iquue
1250 2315 1332 2370 inter·

287 2405 409 2476 protes.“
445 2398 634 2455 Henrioltsan.
670 2398 739 2452 Post
760 2399 847 2453 verbo
867 2405 896 2453 ot
916 2400 953 2455 P.
972 2398 1333 2473 Sulpicius-putabatur

288 2505 341 2542 ⁰¹¹1·
363 2488 414 2626 (III
426 2486 641 2643 B'temporioas]
665 2569 728 2624 utu
752 2570 834 2642 rorigo
853 2570 973 2624 additum
991 2570 1150 2625 eiicieudurn
1170 2570 1220 2624 Iuit
1235 2588 1331 2624 socun-

286 2660 350 2713 dunn
368 2655 418 2727 Lg.
437 2656 461 2709 2.
484 2655 524 2710 13.
543 2655 584 2708 36.
603 2654 644 2709 36.
666 2655 707 2709 76.
733 2655 803 2709 Vict.
823 2654 916 2710 Isurnb.
937 2664 965 2708 et
982 2673 1023 2726 pr.
1042 2672 1075 2708 in.
1095 2656 1118 2710 4.
1138 2655 1181 2711 35.
1199 2685 1235 2696 ι·-
1270 2656 1330 2709 coi-

287 2739 391 2810 Ioouti]
411 2738 558 2794 conlocuti
575 2738 624 2810 Lg.
644 2740 668 2794 5.
688 2737 731 2793 65.
751 2739 792 2793 76.
811 2740 852 2795 73.
871 2739 913 2794 84.
932 2768 967 2781 ·-
990 2740 1137 2810 sansone]
1159 2745 1190 2794 in
1208 2741 1329 2793 omitten-

287 2828 350 2880 dum
375 2824 425 2877 fuit
447 2823 595 2876 secundum
627 2822 677 2893 Lg.
702 2830 810 2894 praeter
834 2827 858 2878 t.
883 2824 924 2880 23.
945 2824 987 2879 67.
1010 2824 1040 2877 81
1069 2833 1097 2877 et
1119 2843 1158 2895 pr.
1182 2842 1215 2879 nr.
1234 2824 1275 2879 76.
1292 2853 1329 2866 ·-

168 2916 178 2934 ‘
287 2908 443 2982 deplorata
460 2912 488 2960 et
502 2914 734 2961 commemorata
747 2908 905 2979 narrabat]
923 2916 952 2963 et
966 2916 1198 2963 commemorata
1211 2916 1240 2964 et
1252 2910 1329 2981 depr.

284 3009 366 3049 narr.
396 2992 435 3046 ir.
467 3000 495 3045 et
523 2990 585 3048 edd.
614 2991 759 3045 narrabat
785 2998 814 3046 at
840 3000 1073 3048 oontmemorata
1102 2995 1258 3067 deplorata
1284 2994 1328 3049 65.

284 3079 350 3135 Non
370 3075 537 3131 omniorum
557 3084 654 3147 questu
673 3087 881 3132 commemorato
898 3097 959 3155 esse
978 3087 1097 3151 oportet.
1116 3108 1152 3120 ·-
1185 3097 1328 3136 conmern.

280 3164 332 3236 Ing.
350 3161 375 3217 6.
1244 3163 1254 3172 ’

369 3246 411 3302 27.
448 3253 565 3303 tautam
584 3248 661 3303 hum.
678 3247 787 3320 fuisse]
816 3255 901 3304 tanta
921 3250 984 3320 fuit
1006 3247 1178 3309 humanitas
1200 3250 1271 3306 viu.
1291 3278 1328 3292 —-

282 3330 382 3405 quom]
403 3334 442 3387 sic
460 3332 509 3406 Lg.
530 3334 578 3402 76,
602 3335 728 3404 ducitque
747 3352 780 3387 eo
799 3340 940 3405 quoniam
958 3337 984 3389 iu
1001 3336 1025 3390 2.
1047 3336 1087 3391 13.
1107 3335 1149 3392 36.
1167 3364 1202 3376 ·-
1237 3335 1327 3406 lauti]

282 3418 338 3473 aa
353 3417 403 3489 Lg.
421 3418 446 3472 3.
460 3416 503 3474 67.
517 3446 555 3463 μ·
584 3417 800 3490 aowiutssent]
819 3420 922 3475 adoni.
941 3420 991 3492 Lg.
1006 3419 1048 3475 65.
1063 3422 1103 3477 76.
1119 3422 1160 3476 73.
1179 3451 1214 3462 -
1241 3438 1327 3493 supe·

280 3503 383 3574 rioris]
404 3508 537 3576 superior
557 3504 608 3559 Gu.
624 3504 648 3558 2.
672 3507 798 3558 tristitia
818 3523 881 3577 sup.
902 3522 988 3560 serm.
1008 3505 1056 3578 ug.
1070 3506 1094 3562 2.
1113 3535 1149 3547 ·-
1184 3504 1325 3575 tonando]

280 3589 424 3660 {affluendo
442 3589 492 3660 Lg.
513 3588 537 3644 2.
559 3591 583 3644 4.
601 3586 626 3643 6.
646 3588 687 3642 13.
705 3603 731 3642 ν.
751 3606 776 3644 u.
794 3597 811 3644 t.
829 3589 872 3644 66.
891 3588 969 3646 32v.
990 3608 1015 3646 u.
1034 3600 1052 3646 t.
1071 3591 1114 3647 35.
1131 3591 1173 3646 ul.
1191 3591 1234 3647 83.
1255 3592 1286 3646 Ζ.
1303 3609 1325 3646 ε.

279 3674 323 3727 ito.
335 3690 404 3727 corr.
423 3674 448 3728 5.
469 3673 512 3727 tl.
533 3674 570 3727 ito
587 3691 613 3728 v.
634 3672 675 3728 tt.
695 3672 822 3728 dicando
844 3675 861 3729 3
880 3692 907 3728 v.
934 3677 1067 3733 iocando.
1088 3676 1129 3731 36.
1149 3675 1191 3732 67.
1211 3694 1238 3731 v.
1258 3693 1282 3730 u.
1305 3684 1324 3732 t.

280 3757 330 3810 Gu.
355 3758 379 3811 3.
402 3786 438 3798 ·-
472 3757 588 3827 auriae]
616 3775 675 3815 vac.
700 3754 742 3814 20.
767 3760 840 3832 epr.
867 3764 1004 3816 ciuitatis.
1026 3789 1062 3803 —-
1097 3761 1271 3832 conuiuium]
1297 3766 1326 3814 et

280 3857 379 3910 praem.
400 3841 425 3896 2.

365 3924 406 3978 28.
434 3925 567 3997 postero]
588 3932 725 3996 postremo
743 3927 827 3997 Lg.u.
846 3930 947 4001 quom]
966 3944 992 3986 v.
1006 3930 1081 3998 §.22
1099 3958 1134 3972 ω-
1163 3929 1326 4001 quiessent]

278 4012 455 4077 quievissent
478 4006 527 4080 hg.
547 4012 572 4065 i.
586 4010 627 4066 76.
647 4010 698 4067 Gu.
714 4012 736 4066 l.
755 4012 826 4067 Vtct.
845 4019 998 4083 quiescunt
1018 4016 1070 4071 Gn,
1084 4017 1109 4072 3.
1127 4045 1163 4056 —
1190 4015 1325 4069 ambula·

279 4092 401 4163 tionem]
423 4094 623 4150 ambulatione
649 4095 700 4151 Gu.
721 4097 743 4150 l.
769 4094 818 4169 Ing.
837 4098 861 4153 2.
884 4097 1091 4157 15.17.so.-
1126 4107 1243 4155 uentum
1260 4117 1325 4154 asse

277 4176 409 4233 dicebat.-
428 4176 507 4250 turm}
522 4180 559 4233 itu
576 4190 688 4234 auctore
708 4178 852 4252 Madvigio
870 4180 954 4239 Henr.
973 4203 1008 4240 ex
1028 4207 1053 4240 a.
1068 4194 1094 4255 β.
1116 4185 1206 4241 Gal.
1226 4187 1323 4255 (quon-
