2942 4608
271 336 370 442 utu
424 356 683 432 eteuuoms
705 356 764 425 uu
787 353 1032 426 oete-em.
1054 353 1092 422 ιι.
1115 355 1167 423 eo.

274 537 466 604 committere
483 504 687 615 videe'quem
707 526 826 595 homini
850 526 995 595 centurie
1012 525 1188 591 conveniet.
1224 523 1320 609 Agite

274 671 366 729 vere,
393 650 448 716 ille
470 649 583 735 inquit,
609 655 642 713 ut
661 645 766 715 vittis.
810 643 877 711 Sed
902 663 984 711 nune
1005 641 1145 728 quidem,
1171 643 1322 726 quoniam

192 837 197 844 .
268 770 374 839 estid
388 767 553 855 temperis,¹
568 764 758 850 eugendum
772 781 888 830 censeo
910 771 941 828 et
955 758 1229 849 requiescendum
1249 770 1322 846 pest

275 888 452 963 meridiem,
477 885 507 953 si
528 884 573 951 ita
592 881 684 949 vohis
706 890 755 947 est
775 879 983 957 commodum,
1004 877 1170 965 loquemur
1190 877 1320 964 aliquid,

274 1009 340 1074 misi
364 1004 445 1071 ferte
471 1001 696 1069 incrastinum
723 997 847 1065 differre
873 996 1028 1064 mavultis.
1072 991 1190 1062 Omnes
1211 1016 1247 1063 ee
1267 996 1320 1065 vel

270 1125 383 1194 ¹etutim
402 1120 469 1197 vel.
495 1120 522 1185 si
550 1122 618 1205 ipse
638 1125 710 1203 pest
734 1116 897 1183 meridiem
922 1113 1043 1191 mallet,
1072 1133 1165 1199 quum
1189 1116 1321 1202 primum

271 1252 383 1321 tamen
403 1238 513 1307 audire
535 1235 621 1305 velle
641 1233 792 1302 dixerunt.

269 1468 612 1544 776171776117376Λ3.
632 1498 664 1510 -
688 1465 1170 1540 766917617177163177774717384.
1183 1495 1220 1509 ·-
1245 1485 1320 1541 epm

277 1559 420 1632 hoellum
437 1574 510 1630 opus
528 1555 579 1628 173.
596 1554 623 1610 2.
642 1555 668 1610 3.
686 1554 711 1609 4.
732 1553 773 1607 13.
790 1553 832 1608 32.
851 1553 893 1608 35.
912 1551 955 1608 36.
972 1552 1033 1620 65.,
1057 1569 1126 1622 quos
1142 1555 1237 1622 sequi,
1259 1572 1320 1608 eum

277 1649 306 1702 in
324 1662 398 1719 opus
421 1643 598 1714 praecipuum
619 1656 718 1695 sonum
735 1639 846 1694 videam
868 1636 945 1705 esse,
968 1655 1024 1691 non
1046 1637 1145 1693 audeo.
1181 1654 1255 1711 epus
1275 1639 1322 1693 hie

278 1749 332 1787 om.
350 1729 401 1800 173.
425 1735 453 1780 et
470 1735 535 1797 pest
551 1724 585 1781 td
604 1725 722 1797 positum
738 1723 842 1777 hebent
859 1722 883 1778 5.
905 1724 944 1776 14
964 1723 1005 1776 15.
1027 1722 1067 1778 16.
1091 1721 1134 1778 26.
1153 1723 1196 1778 21.
1215 1722 1257 1779 23.
1274 1724 1317 1780 24.

276 1816 320 1874 67.
338 1815 381 1870 69.
399 1814 441 1868 76.
459 1812 502 1867 73.
518 1810 562 1865 86.
579 1809 622 1865 63.
658 1808 714 1863 doe
731 1812 898 1863 censorium
915 1824 990 1881 opus
1007 1807 1077 1862 Viet.
1112 1824 1186 1880 epus
1204 1816 1250 1863 eet
1265 1808 1321 1865 ltee

278 1917 355 1956 cette.
378 1897 431 1952 Gu.
448 1895 473 1951 3.
505 1911 659 1949 centorum
680 1893 731 1963 173.
749 1892 774 1947 6.
793 1920 828 1933 -
857 1891 1055 1963 committere]
1076 1896 1252 1948 conmittere
1269 1894 1319 1968 173.

277 1985 321 2039 24.
338 2013 373 2023 -
396 1979 493 2049 eides]
510 1980 575 2034 olim
590 1978 734 2050 legebatur
749 1977 826 2032 eide.
850 1978 966 2032 Rectum
983 1977 1126 2032 constabat
1143 1996 1179 2032 ex
1194 1978 1284 2033 Havn.
1297 1981 1320 2035 1.

279 2069 311 2123 Ζ.
324 2067 349 2122 d.
365 2084 387 2120 ε.
401 2075 433 2135 ψ.
455 2063 507 2121 Gu.
523 2063 560 2130 3.,
577 2063 651 2117 uude
667 2061 824 2117 asciverunt
841 2062 905 2117 Sch.
923 2061 1021 2118 Muell.
1040 2060 1105 2127 Or.;
1123 2061 1233 2121 ssl'mant
1249 2083 1322 2120 nune

278 2152 330 2222 173.
342 2149 368 2206 2.
382 2150 408 2204 3.
424 2151 449 2204 4.
465 2148 490 2201 5.
504 2147 529 2203 6.
549 2147 590 2203 13.
609 2146 650 2202 15.
670 2146 710 2200 16.
732 2146 772 2200 17.
791 2146 834 2201 21.
852 2146 894 2202 23.
913 2147 955 2201 24.
973 2149 1016 2203 32.
1035 2146 1078 2203 35.
1096 2147 1139 2203 36.
1155 2149 1198 2204 65.
1216 2149 1258 2204 67.
1276 2151 1318 2206 69.

278 2236 321 2291 76.
340 2234 382 2288 73.
400 2233 443 2288 86.
461 2263 496 2272 -
525 2248 615 2305 quam
632 2230 750 2284 demitti
769 2234 903 2286 censorio
928 2231 1099 2303 conveniat]
1123 2226 1208 2304 vulgo'
1231 2251 1321 2304 quam

281 2323 323 2375 eit
343 2326 428 2390 turpe
444 2316 559 2371 1777777677
577 2318 720 2369 eettserde.
745 2314 802 2369 Sed
818 2319 861 2370 eit
877 2322 962 2389 turpe
978 2335 1034 2372 non
1049 2325 1139 2371 exstat
1156 2318 1184 2371 in
1195 2317 1245 2389 173.
1257 2320 1281 2375 2.
1295 2322 1320 2375 4.

271 2404 323 2477 ι13.
341 2402 376 2457 32
392 2403 455 2458 edd.
475 2401 518 2457 36.
544 2400 596 2457 Gu.
615 2402 640 2456 3.
665 2398 724 2454 Eri.
759 2399 868 2454 Deinde
890 2405 1045 2456 conveniat
1065 2402 1171 2471 liquide
1193 2404 1320 2475 scriptum

279 2492 308 2544 in
325 2487 376 2560 173.
394 2489 418 2541 4.
454 2502 523 2541 eene
537 2504 565 2538 .·.·
590 2484 690 2539 deinde
712 2485 811 2538 lacuna
830 2501 928 2540 versus
950 2485 1009 2539 dere
1031 2485 1133 2539 dimidii
1151 2486 1193 2544 13.
1211 2488 1268 2554 32.,
1292 2490 1319 2544 lu

279 2573 333 2626 hoc
356 2572 468 2641 explete
489 2570 621 2640 inscripto
639 2573 807 2633 conveniat,
832 2585 886 2638 quo
906 2579 1044 2639 expuncto
1066 2572 1196 2641 seriptum
1216 2575 1320 2643 inquit.

279 2656 341 2711 Hoc
358 2657 447 2726 ipsum
465 2654 565 2724 iegitur
581 2654 609 2707 in
627 2652 652 2708 2.
665 2652 690 2707 5.
703 2653 728 2708 6.
750 2652 791 2707 14.
811 2653 851 2708 15.
870 2652 912 2707 16.
930 2653 973 2708 26.
986 2654 1029 2708 21.
1045 2656 1088 2711 23.
1102 2652 1144 2711 24.
1163 2655 1205 2711 65.
1221 2658 1262 2712 67.
1277 2658 1318 2713 69.

280 2741 322 2797 76.
341 2739 384 2796 73.
401 2739 444 2795 86.
462 2739 506 2794 93.
530 2738 613 2807 idque
632 2740 805 2793 exedendae
827 2737 899 2790 mele
915 2738 1055 2812 intellectu
1079 2748 1168 2794 ortum
1186 2759 1320 2797 essenon

272 2810 383 2880 dubito.
401 2854 436 2864 -
459 2825 601 2893 quemdum
619 2828 663 2876 est
681 2822 715 2875 td
731 2821 887 2895 temporie]
904 2822 944 2875 sie
961 2822 1042 2892 posui
1059 2840 1110 2893 pro
1129 2825 1163 2879 td
1179 2832 1322 2898 tempores

272 2900 326 2964 eet
341 2907 490 2963 seeundum
507 2906 557 2979 173.
571 2906 596 2963 2.
609 2908 634 2961 4.
655 2906 696 2961 13.
716 2906 756 2961 17.
775 2906 817 2961 26.
837 2906 872 2960 32
885 2922 957 2962 eurr.
975 2905 1018 2961 35.
1036 2906 1078 2962 36.
1096 2908 1138 2971 65.
1156 2909 1196 2963 67.
1214 2909 1259 2967 81.
1276 2912 1319 2969 84

271 2984 376 3050 'Gu'3
410 2999 524 3063 tempus
546 2992 651 3045 5eorr.
672 3019 709 3031 —
737 2991 938 3061 commodum]
969 2993 1145 3049 commodum
1169 2993 1219 3066 173.
1238 2996 1265 3051 2.
1285 3025 1320 3040 ·—

200 3086 205 3105 '
279 3076 447 3151 loquemur]
471 3074 651 3146 loquar-Gn.
668 3073 693 3130 3.
721 3073 877 3145 loquamur
897 3074 948 3146 173.
968 3074 1011 3131 dd
1028 3103 1064 3118 -
1093 3082 1124 3133 itt
1141 3081 1319 3154 erastinum]

279 3180 327 3216 me
345 3167 377 3217 iu
394 3179 435 3216 er.
454 3159 505 3232 173.
522 3160 563 3215 76.
581 3159 614 3213 81
634 3176 705 3214 corr.
724 3158 766 3214 84.
787 3159 878 3217 Huvn.
892 3160 915 3215 1.
926 3160 951 3215 2.
966 3181 991 3214 77.
1004 3180 1030 3231 y.
1045 3162 1065 3216 d
1080 3179 1122 3234 pr.
1135 3181 1170 3220 m.
1192 3165 1242 3220 Gu.
1256 3165 1278 3220 l.
1292 3166 1318 3223 2.

278 3247 340 3301 Ald.
357 3225 623 3310 1777707777077777
642 3261 711 3316 quos
724 3246 825 3317 exigua
841 3242 899 3300 fide
917 3255 1001 3300 testes
1018 3247 1120 3302 nollem
1130 3251 1219 3304 secuti
1230 3260 1320 3305 essent

280 3326 402 3395 Orellius
425 3337 452 3384 et
475 3328 655 3385 Heurichsen.
689 3329 776 3384 Recte
799 3329 960 3385 subauditur
982 3349 1053 3386 rem.
1089 3333 1162 3388 Mox
1183 3334 1321 3390 mavoltis

278 3413 331 3486 173.
348 3411 390 3469 86.
417 3413 492 3467 nulle
516 3414 647 3486 dignitate
669 3415 748 3470 liber.
770 3445 806 3456 —
828 3423 902 3488 pest
922 3417 1093 3489 ntertdtem]
1124 3435 1177 3473 om.
1203 3418 1253 3490 173.
1279 3418 1318 3475 13.
1370 3484 1375 3489 ,

278 3496 393 3552 32777171.
423 3498 579 3554 meridiem
603 3517 656 3553 om.
676 3499 728 3555 Gm
746 3499 772 3554 3.
789 3528 823 3542 --
855 3501 1105 3575 quamprimum]
1130 3504 1198 3558 talia
1212 3504 1320 3558 iunctim

271 3579 360 3663 ‘scribi
372 3582 463 3638 mirer.
487 3582 604 3639 Divisim
622 3583 673 3657 173.
686 3583 712 3642 2.
725 3583 768 3640 67.
782 3584 825 3642 81.
839 3583 881 3643 64.
893 3585 936 3643 86.
955 3586 1144 3658 editorumque
1156 3586 1320 3653 bandinum

277 3668 318 3722 sie
334 3665 445 3724 iubebat
462 3668 542 3724 ratio.
