2968 4596
254 305 314 375 ιο
516 310 522 323 ’
654 297 909 367 CICERONIS

10 508 48 559 sp
338 468 389 535 lv.
434 469 483 534 13.
525 468 584 555 Aa
605 487 644 534 ne
670 469 749 534 illud
775 468 899 554 quidem
923 487 999 534 vere
1027 467 1090 534 dici
1114 476 1217 555 potest
1243 478 1298 534 aut

42 548 52 565 ἰ
65 556 69 569 ¹
84 550 106 614 *ffb
120 560 133 573 ru
145 554 259 609 ΙρἱιαῚΙ

218 614 223 617 ·
252 588 352 677 pluris
378 589 492 657 ceteris
518 587 670 652 inservire
700 596 753 651 aut
779 588 898 652 maiore
925 585 1133 652 delectatione
1161 596 1213 651 ant
1230 606 1298 673 spe

183 744 203 769 ,-
253 705 399 771 uberiore
422 714 475 769 aut
494 706 642 803 praemiis
666 703 706 768 ad
725 703 963 790 perdiscendum
985 702 1189 790 amplioribus
1211 722 1300 769 com·
1326 694 1333 702 ’

10 858 91 913 ,pm
104 816 381 947 (,4,]„qroveri.
424 822 526 907 Q
549 796 582 887 ut
595 796 741 889 'omitum
763 819 952 899 (iraeciam,¹
972 841 1053 907 quae
1080 840 1204 906 semper
1228 820 1299 886 elo-

10 918 141 1035 agas.
202 959 205 963 ·
255 943 399 1027 quentiae
420 941 563 1026 princeps
586 958 658 1004 esse
680 937 790 1010 voluit,
814 947 905 1024 atqie
927 937 1002 1004 illas
1025 940 1160 1014 omnium
1175 939 1301 1004 -doctri-
1418 921 1423 930 ¹

253 1077 364 1123 narum
385 1059 572 1123 inventrices
594 1054 750 1132 Athenas,
773 1057 806 1120 in
828 1054 939 1141 quibus
962 1075 1082 1120 stamma
1103 1055 1227 1120 dicendi
1247 1057 1300 1121 vis

254 1184 285 1240 et
311 1178 438 1241 inuenta
463 1183 512 1239 est
538 1183 569 1237 et
595 1172 751 1258 perfecta:
779 1175 813 1237 in
835 1171 895 1238 hac
919 1175 990 1259 ipsa
1011 1175 1135 1239 civitate
1157 1172 1299 1258 proiecto

252 1292 341 1358 nulla
361 1310 497 1376 unquam
517 1288 729 1354 vehementius
750 1308 842 1374 mam
856 1289 1053 1375 eloquentiae
1068 1289 1173 1359 studia
1186 1291 1299 1372 vigue-

252 1420 332 1476 runt.
376 1406 427 1473 14.
448 1404 528 1471 Nam
549 1414 752 1493 posteaquam
775 1408 905 1493 imperio
921 1409 1056 1472 omnium
1070 1408 1207 1491 gentium
1218 1410 1299 1472 ‘con-
1470 1485 1472 1500 ,

253 1529 358 1593 stituto
379 1525 562 1590 diuturnitas
582 1526 671 1609 pacis
689 1526 783 1589 otium
799 1523 1003 1601 confirmavit,
1025 1544 1116 1590 nemo
1139 1524 1205 1589 iere
1226 1522 1299 1587 lau·
1409 1508 1412 1512 “

201 1672 202 1675 “
253 1645 303 1714 dis
325 1642 453 1729 cupidus
477 1622 664 1707 adolescens
685 1660 749 1706 nou
770 1640 833 1725 sibi
855 1642 897 1706 ad
918 1640 1082 1706 &cendum
1096 1638 1197 1706 studio
1213 1642 1298 1706 omni

90 1828 97 1841 ,
208 1844 214 1853 μ
253 1761 429 1828 enitendum
447 1759 573 1845 putavit.
606 1758 773 1847 deprimo
789 1759 1021 1844 quidemtotius
1036 1760 1168 1824 rationis
1182 1759 1298 1842 ignari,
1366 1806 1369 1809 ·

102 1871 118 1886 ”
133 1870 153 1951 ἶ,
176 1852 306 1966 ,fi'fqui
331 1896 432 1962 neque
455 1876 688 1940 exercitationis
709 1875 807 1939 tdlam
827 1878 911 1941 viam
932 1896 1033 1961 neque
1057 1875 1185 1960 aliquod
1204 1895 1298 1960 prae-

67 2002 88 2019 “’
115 2004 137 2027 ”·
254 2006 374 2081 ceptum
395 1994 472 2057 artis
494 2012 566 2056 esse
590 1990 827 2068 arbitrarentur,
849 2000 979 2069 tantum,
1002 2003 1148 2078 quantum
1169 1994 1298 2076 ingenio

254 2123 286 2180 et
307 2111 496 2197 cogitatione
516 2118 673 2195 poteraut,
696 2108 975 2196 consequebantur.
1001 2108 1077 2178 Post
1090 2119 1193 2177 autem
1207 2094 1297 2176 audi-

341 2343 390 2398 lv.
427 2343 467 2396 13.
497 2343 609 2416 pluris]
630 2344 698 2416 plus
722 2343 772 2416 Lg.
791 2344 863 2399 Xlll.
889 2347 916 2398 in
937 2346 1033 2416 quibus
1052 2345 1118 2399 boni
1139 2345 1164 2398 3.
1186 2344 1229 2399 65.
1250 2344 1297 2398 67.

253 2430 299 2486 69.
317 2431 356 2483 ita
372 2447 433 2484 var.
452 2429 478 2485 3.
498 2430 538 2483 ita
557 2446 630 2485 corr.
650 2429 693 2485 76.
729 2429 769 2483 Ut
785 2431 955 2500 scripsimus,
977 2430 1029 2502 Lg.
1052 2431 1093 2487 13.
1114 2430 1156 2485 36.
1179 2438 1206 2482 et
1221 2446 1295 2498 apr.

253 2533 289 2571 rn.
303 2514 363 2580 33,
383 2532 455 2569 corr.
477 2522 506 2568 ut
523 2515 598 2585 vulg.
616 2543 652 2557 ·—-
675 2514 794 2585 ceteris]
814 2532 850 2568 ue
867 2515 918 2585 Lg.
930 2516 972 2571 76.
991 2532 1024 2567 oe
1043 2514 1084 2567 13.
1100 2514 1144 2570 36.
1162 2542 1197 2556 —-
1220 2517 1295 2567 urti-

254 2599 307 2654 bus
331 2600 493 2653 eliciendum
515 2600 565 2653 suit
588 2617 623 2653 ex
648 2598 699 2670 Lg.
724 2600 849 2653 omnibns
870 2608 980 2670 praeter
1004 2601 1031 2655 4.
1054 2598 1095 2654 17.
1114 2599 1158 2654 33.
1176 2599 1220 2653 81.
1236 2598 1295 2663 93.,
1317 2600 1325 2619 “
1350 2630 1354 2645 ι
1467 2600 1472 2613 ”

253 2685 319 2738 item
337 2702 373 2738 ex
390 2684 463 2740 vict.
485 2683 538 2738 Gu.
557 2684 584 2738 3.
619 2684 671 2738 Est
690 2702 802 2750 eorum,
827 2685 873 2753 qui
892 2701 947 2736 non
969 2684 1096 2739 viderent
1113 2684 1195 2737 etiam
1212 2684 1294 2752 paulo

254 2777 319 2821 ante
340 2768 371 2820 id
393 2784 493 2820 nomen
515 2769 541 2819 in
561 2754 656 2820 cadem
677 2770 802 2821 iunctura
819 2769 915 2823 omitti.
934 2797 970 2810 —-
992 2767 1138 2838 uberiore]
1160 2766 1295 2821 liberiore

254 2851 307 2922 Lg.
326 2851 343 2903 3
360 2868 432 2905 corr.
456 2850 497 2904 13.
517 2849 551 2902 33
563 2868 644 2906 xcorr.
663 2852 707 2907 36.
731 2852 785 2908 Gn.
803 2852 829 2907 3.
849 2853 1028 2909 iterandi.
1048 2881 1084 2893 -
1106 2850 1294 2921 commoneri]

254 2951 384 2990 commeo.
405 2932 457 3004 Lg.
477 2933 510 2989 3.-
522 2935 565 2990 69.
588 2953 719 3007 permota.
737 2937 781 2992 35.
799 2965 835 2978 ν-
866 2936 1048 3006 eloquentiae
1060 2937 1213 3010 prinecps]
1236 2938 1293 2991 inv.

252 3020 297 3074 34.
314 3019 358 3074 69.
376 3018 420 3072 86.
438 3045 475 3058 -
510 3018 608 3073 Totum
629 3022 696 3075 illud
715 3038 791 3092 quoe
812 3039 927 3094 semper
945 3022 981 3077 el.
994 3040 1044 3094 pr.
1064 3040 1127 3075 esse
1145 3022 1237 3075 uoluit
1253 3039 1296 3074 se·

252 3104 390 3175 iungenda
407 3121 425 3155 a
436 3102 529 3157 verbis
547 3106 691 3176 scriptoris
707 3115 801 3160 censet
818 3106 938 3170 Bakius3
960 3124 1022 3160 esse
1040 3108 1112 3160 enim
1129 3107 1297 3178 grammatici

253 3189 459 3245 annotationem
476 3191 629 3243 sententiae
646 3208 701 3245 non
714 3201 804 3261 aptam
818 3209 870 3245 uec
883 3190 1011 3245 debuisse
1022 3191 1145 3244 Athenas
1163 3190 1297 3260 etreliqua

253 3274 371 3350 Graecia
384 3274 518 3343 separari.
543 3275 600 3328 Sed
611 3276 710 3330 Cicero
722 3276 791 3329 baec
804 3276 869 3329 dicit
885 3276 912 3329 in
927 3275 1050 3329 Graecos
1064 3277 1217 3346 sapientiae
1228 3293 1296 3328 snae

157 3385 160 3392 ·
251 3361 415 3425 lactatores,
435 3357 532 3426 quibus
548 3361 608 3429 ipse
626 3361 766 3415 Romanos
784 3361 946 3426 anteferret,
967 3379 994 3415 v.
1013 3361 1047 3413 de
1065 3358 1117 3416 Or.
1128 3359 1174 3415 111.
1193 3361 1236 3415 34.
1249 3360 1294 3416 95.

253 3443 403 3514 praecipue
423 3451 512 3496 antem
534 3443 614 3499 Tusa.
633 3444 655 3500 1.
677 3445 817 3514 l,2sqq.;
839 3452 927 3514 atque
944 3445 1043 3499 dicitur
1060 3445 1225 3515 explicative
1243 3463 1295 3514 pro

252 3535 282 3582 et.
299 3527 427 3598 quidem.
446 3557 482 3568 —-
507 3545 638 3599 unquam
649 3559 684 3570 —
697 3529 799 3599 quem]
824 3529 893 3582 haec
911 3530 1009 3583 desunt
1032 3530 1059 3583 in
1078 3529 1129 3600 Lg.
1150 3529 1176 3583 3.
1196 3531 1213 3582 4
1231 3529 1294 3584 add.

255 3613 286 3666 13
297 3613 361 3667 add.
379 3612 413 3665 33
425 3611 488 3667 add.
506 3613 551 3669 36.
567 3615 600 3667 76
613 3614 677 3669 add.
705 3612 945 3668 aetla—oetam.
966 3631 1021 3668 om.
1042 3613 1094 3669 Gu.
1109 3614 1135 3672 3.
1167 3615 1295 3668 Ceterum

252 3713 381 3766 umquem
401 3695 452 3767 Lg.
474 3715 637 3767 ornnespr.
659 3699 686 3753 3.
705 3699 748 3764 5.,
776 3700 802 3751 in
828 3698 925 3769 quibus
948 3715 1099 3768 umquam.
1135 3698 1183 3752 Sic
1205 3698 1296 3752 solent

252 3781 315 3836 libri
333 3781 400 3835 boni
417 3780 533 3850 ubique,
551 3799 604 3834 nec
622 3783 724 3836 notabo
743 3775 870 3853 posthac,

321 3865 380 3923 14.
412 3864 623 3936 posteaquem]
649 3865 702 3919 hoc
725 3868 830 3920 retineo
851 3866 981 3920 vitandae
999 3866 1186 3937 ambiguitatis.
1201 3884 1295 3923 causo.

251 3948 370 4005 Divisim
395 3947 447 4019 Lg.
471 3949 583 4006 67.«69.
609 3949 652 4005 76.
677 3950 721 4006 81.
745 3950 789 4006 93.
822 3957 982 4023 postquem
1002 3951 1054 4022 Lg.
1074 3951 1091 4003 3
1108 3968 1170 4007 var.
1189 3957 1297 4023 postea
1405 3940 1414 3947 ⁵

252 4050 342 4102 wem
365 4031 458 4087 (16.3.
471 4039 543 4103 post
559 4050 649 4102 quam
665 4034 718 4105 Lg.
735 4036 761 4090 4.
779 4063 815 4077 ·-
844 4034 1029 4105 adolescens]
1049 4052 1137 4106 penu
1154 4034 1206 4106 Lg.
1224 4035 1250 4089 5.
1266 4035 1295 4091 6.

252 4116 296 4172 33.
307 4117 352 4171 65.
364 4115 407 4170 73.
420 4114 464 4171 84.
480 4143 516 4157 -
537 4117 630 4191 otum]
647 4119 700 4190 bg.
720 4136 829 4186 omnes,
847 4120 900 4177 Gn.
911 4120 937 4177 3.
968 4121 1040 4176 Vict.
1058 4123 1135 4184 otmar
1156 4121 1296 4189 vulgatum
