2876 4612
234 371 241 376 -
356 333 418 401 on
445 308 672 402 oitn‘uosa
695 331 970 400 immotae.
1101 336 1181 409 nrt

135 505 213 571 licet
230 504 334 569 ’nimis
361 501 413 570 hic
440 504 564 589 quidem
589 513 638 569 est
663 521 866 590 progressus,
898 500 955 567 sed
982 521 1021 567 ex
1047 521 1086 569 eo
1112 504 1182 591 ipso

137 631 189 689 cst
210 623 389 688 coniectura
409 621 516 686 facilis
539 630 685 706 quantum
711 618 773 683 sibi
794 618 843 683 illi
865 622 1007 685 oratores
1029 620 1068 685 de
1089 640 1183 707 prae-

138 739 326 805 clarissimis
348 737 468 804 artibus
488 739 684 824 appetierint,
706 737 758 822 qui
780 756 820 801 ne
843 736 1037 802 sordidiores
1058 737 1194 824 quidem‘
1300 782 1304 789 -

138 855 339 943 repudiarint.
408 853 491 932 onia
530 855 568 919 de
599 852 734 920 Prodico
768 851 833 919 Ceo
872 852 911 919 de
943 851 1183 938 Thrasymacho

140 971 354 1039 Calchedonio
392 972 431 1037 de
467 970 644 1056 Protagora
682 970 836 1038 Abderita
870 970 1010 1055 loquari
1052 991 1183 1058 quorum

138 1091 352 1175 unusquisque
377 1068 542 1173 plurimum
568 1087 759 1175 temporibus
790 1086 856 1152 illis
885 1090 979 1152 etiarn
1006 1088 1044 1153 de
1071 1099 1185 1157 natura

139 1222 245 1273 rernm
271 1215 301 1271 et
327 1206 475 1270 disseruit
502 1215 533 1271 et
559 1207 692 1291 scripsit.
737 1204 809 1268 129.
836 1202 907 1290 lpse
934 1204 989 1270 ille
1011 1204 1185 1273 Leontinus

143 1323 298 1408 Gorgias,
326 1343 387 1408 quo
412 1333 561 1408 patrono,
588 1331 621 1387 ut
644 1319 736 1421 Plato
761 1310 873 1399 voluit,
899 1321 1086 1409 philosopho
1113 1344 1186 1391 suc-

141 1440 247 1531 cubuit
273 1429 381 1506 orator
401 1441 468 1524 (qui
494 1449 634 1505 autnon
659 1447 707 1503 est
726 1440 827 1505 victus
851 1457 988 1524 numam
1010 1423 1031 1504 a
1052 1437 1186 1508 Socrate
1287 1488 1293 1498 ·

141 1578 243 1644 neque
271 1577 374 1623 sermo
401 1556 456 1622 illc
477 1554 620 1622 Platonis
645 1575 740 1622 verus
767 1565 829 1634 est,
857 1532 924 1634 aut,
952 1557 980 1620 si
1006 1567 1055 1622 est
1074 1559 1202 1637 victus„

143 1676 339 1760 eloquentior
363 1673 512 1740 videlicet
537 1673 596 1738 fuit
621 1682 652 1737 et
678 1670 826 1739 disertior
850 1670 1001 1739 Socrates
1027 1683 1073 1752 et,
1100 1684 1133 1740 ut
1152 1684 1187 1741 tu

145 1791 297 1878 appellas
319 1793 478 1877 copiosior
500 1800 531 1856 et
551 1789 664 1855 melior
685 1789 815 1870 orator),
838 1788 967 1855 sedhic
989 1791 1021 1853 in
1038 1790 1094 1857 illo
1116 1793 1188 1878 ipso

143 1908 285 1975 Platonis
307 1907 389 1979 libro
411 1908 450 1974 de
473 1909 629 1983 omnim,
652 1923 854 1991 quaecunque
877 1907 909 1969 in
932 1884 1203 1992 disceptationem

145 2028 419 2111 quaestionemque
441 2006 621 2100 vocareth
643 2014 677 2088 se
700 2024 918 2109 copiosissime
942 2023 1091 2089 dicturum
1113 2044 1188 2092 esse

142 2143 301 2232 profitetur
330 2146 419 2228 isque
445 2143 590 2228 princeps
617 2160 657 2206 ex
682 2139 825 2207 omnihus
853 2158 949 2206 ausus
976 2145 1082 2207 estin
1110 2162 1187 2209 con-

147 2406 284 2462 vocabula
307 2406 335 2457 in
360 2404 455 2456 eadem
478 2403 615 2456 sententia
637 2410 711 2454 recte
732 2403 879 2470 iterantur,
904 2420 964 2457 cum
988 2403 1051 2471 quid
1074 2405 1109 2456 ad
1132 2407 1187 2461 vim

149 2492 328 2562 cogitatorum
350 2487 510 2550 conferunt3
534 2486 579 2538 hic
600 2501 656 2537 nou
681 2492 721 2537 est
747 2486 825 2552 quod
846 2503 882 2538 eo
903 2476 1065 2555 pronomine
1086 2487 1189 2559 signifi-

148 2580 233 2630 cetur.
250 2603 287 2616 -
317 2569 514 2643 appetierint]
533 2574 708 2640 appeterent
728 2567 778 2638 Lg.
796 2568 820 2623 1.
840 2571 865 2621 4.
884 2569 919 2622 31
936 2585 1006 2624 corr.
1024 2570 1066 2624 36.
1091 2572 1142 2628 Gn.
1161 2573 1187 2630 3.

108 2715 115 2721 ,
148 2661 323 2732 adpeterent
341 2654 381 2710 13.
396 2683 432 2696 ·-
458 2652 663 2725 repudiarint]
683 2652 877 2723 repudiarent
898 2651 950 2724 Lg.
967 2653 992 2708 1.
1024 2658 1076 2723 qni
1091 2684 1127 2696 -.
1142 2673 1189 2710 re.

148 2745 304 2818 prodierint
322 2756 374 2794 om.
394 2737 445 2792 Gu.
458 2737 483 2792 3.
501 2764 538 2779 —-
556 2735 689 2790 Prodico
710 2735 776 2803 Ceo]
795 2737 835 2789 sic
851 2753 972 2790 meorum
990 2738 1064 2790 solus
1083 2739 1134 2810 ng.
1148 2740 1189 2796 17.

147 2837 295 2902 praeterea
313 2821 387 2878 Oxx.
407 2822 531 2875 nonnulli
553 2822 647 2890 (etiam
664 2821 710 2890 ψ).
750 2819 834 2882 Ceio,
858 2820 931 2888 quod
954 2821 1066 2875 tolerari
1087 2826 1190 2893 nequit,

149 2915 202 2968 Gn.
215 2910 276 2966 1.1.
294 2907 384 2961 Havn.
397 2906 420 2960 1.
432 2906 457 2960 1.
476 2906 527 2976 Lg.
541 2905 584 2960 84.
603 2903 678 2960 Onu.
693 2906 817 2975 quidnm3
833 2914 941 2959 secutus
953 2904 1017 2960 Sch.
1043 2905 1081 2959 do
1098 2907 1151 2963 Gn.
1163 2908 1189 2965 3.

152 2996 203 3051 Cio
221 2993 298 3048 Man.
317 2989 426 3061 Mucii,
444 2989 494 3042 sed
511 2986 572 3045 cod.
590 2990 687 3044 nullus.
713 2990 783 3046 Reli.
802 2989 872 3043 enlm
889 2989 969 3044 codd.
984 2997 1012 3042 et
1025 2991 1087 3046 edd.
1105 2991 1190 3057 etto,

149 3088 247 3135 contra
264 3075 413 3132 veritatem.
426 3104 461 3114 -
480 3075 517 3126 de
538 3072 768 3143 Thrasymacho]
786 3073 868 3143 vulgo
888 3089 948 3125 curu
964 3072 1102 3143 legeretur
1117 3077 1192 3145 qnid

124 3184 127 3189 ’
148 3166 186 3221 de
205 3161 283 3225 Tar„
301 3161 329 3213 iu
347 3169 401 3212 tarn
419 3158 517 3212 scabra
533 3156 659 3211 oratioue
676 3159 810 3211 neminem
828 3156 975 3210 offendisse
992 3157 1084 3214 miror.
1111 3159 1191 3213 Ferri

148 3266 204 3304 non
221 3233 329 3318 potest,
352 3242 427 3312 quod
449 3243 477 3295 in
495 3243 576 3295 trium
592 3241 773 3296 membrorum
790 3239 1004 3308 interrogatione
1021 3239 1063 3293 bis
1079 3243 1192 3308 ponitur

149 3332 233 3405 quaid,
249 3329 331 3383 tertio
348 3327 412 3383 loco
431 3327 571 3382 omittitur.
599 3326 653 3379 Aut
671 3327 742 3379 enirn
759 3334 801 3378 ter
819 3323 885 3392 poni
903 3321 1023 3391 oportuit
1040 3331 1086 3375 aut
1097 3326 1191 3392 semel,

150 3427 179 3471 et
197 3418 225 3468 lu
241 3414 333 3467 fronte
351 3411 459 3480 quidem
475 3410 636 3465 sententiae.
671 3409 773 3463 Dalevi
791 3406 863 3476 quid
881 3422 916 3459 ex
935 3405 1004 3460 vict.
1025 3405 1077 3461 Ga.
1093 3406 1118 3462 3.
1137 3407 1190 3478 Lg.

151 3499 274 3554 omnibus
291 3503 401 3565 praeter
418 3497 443 3549 4.
460 3494 502 3549 35.
521 3494 564 3550 93.
583 3522 619 3537 ·-
646 3491 856 3557 Calchedonio]
875 3491 915 3544 sic
930 3488 980 3560 Lg.
998 3488 1038 3543 13.
1059 3491 1196 3546 1θ.-31.·

150 3582 194 3639 93.
212 3581 264 3635 Gn.
279 3579 301 3632 l.
314 3579 339 3633 1.
379 3577 579 3634 Calchadonio
597 3577 639 3631 84.
658 3576 744 3629 ceteri
765 3573 941 3628 calcedonio
960 3591 982 3628 s.
1001 3572 1194 3640 Calctdonio3

150 3668 201 3724 aed
218 3661 428 3726 Chalcedonio,
446 3663 521 3732 qnod
538 3660 737 3724 circumfertur,
754 3659 852 3712 nullus.
884 3657 934 3711 llla
951 3659 1087 3728 antiquior
1103 3661 1195 3715 iurata

128 3754 179 3805 -in
202 3748 293 3804 Bruto
314 3745 347 3812 8,
370 3746 413 3801 30.
441 3747 475 3801 ab
500 3747 610 3817 optimis
632 3745 709 3798 libris
736 3742 948 3799 commendatur.
969 3770 1006 3783 -
1035 3742 1193 3814 Abderita]

151 3833 291 3890 Abderita
306 3827 357 3900 Lg.
376 3829 418 3885 10.

70 4032 73 4035 Α
238 3965 295 4020 119.
332 3922 500 4031 succubuit]
514 3959 818 4017 semel'hicenbendnit
831 3958 883 4012 Gn.
896 3956 965 4012 3.·-
982 3960 1012 4011 et
1027 3964 1072 4010 ent
1085 3957 1194 4023 vietus}
1279 4012 1282 4023 ,

134 4058 247 4125 ‚uictus
265 4051 317 4109 Gn.
332 4050 357 4104 3.
376 4076 413 4089 --
432 4047 687 4119 disceptationem]
706 4046 938 4117 dispnttationem
955 4039 1005 4109 Lg.
1024 4039 1066 4094 to.
1083 4066 1119 4078 -
1141 4054 1193 4090 co·

153 4137 282 4206 caretur]
299 4138 454 4188 revocetur
470 4131 522 4202 Lg.
535 4131 560 4188 1.
576 4129 659 4188 413.
675 4129 711 4183 31
723 4144 794 4184 corr.
811 4134 841 4181 ut
853 4126 878 4182 3.
894 4123 938 4179 io.
956 4122 1007 4178 Gn.
1022 4123 1048 4178 3.
1075 4127 1195 4183 uocetur
