2942 4608
274 288 278 295 “
383 314 441 381 us
469 286 695 381 ounnouu
722 312 993 393 nuseium.
1104 316 1204 388 490

165 502 262 549 senes
288 482 424 559 diseunt,
454 484 662 569 pertimescat.
710 478 850 566 Namque
873 490 933 546 'aut
960 499 1054 545 senes
1082 480 1124 546 ad
1148 499 1206 547 eas
1282 460 1285 465 ¹

166 617 368 675 accesserunt
394 616 446 672 aut
471 625 570 693 usque
598 606 639 671 ad
660 616 849 672 senectutem
863 586 908 671 ,in
928 605 1040 671 studiis
1067 604 1208 671 detinen-

163 743 214 798 tur
241 742 293 797 aut
318 742 388 797 sunt
413 732 596 798 tardissimi.
624 720 713 796 'Res
740 731 864 816 quidem
889 752 924 797 se
956 749 1027 796 mea
1053 732 1208 796 sententia

82 914 93 921 ,
163 859 212 944 sio
232 857 347 935 habet,
369 866 417 936 ut,
444 859 507 948 uisi
534 857 617 942 quod
639 858 769 942 quisque
796 857 856 922 oito
878 857 1024 949 potuerit,
1050 875 1207 941 normam

88 1000 94 1005 ·
165 985 290 1079 omnino
312 967 419 1068 possit
433 980 622 1067 perdiscere.

249 1090 366 1170 XXIV.
411 1105 462 1171 90.
499 1104 584 1184 lam,
616 1108 697 1184 iam,
730 1088 829 1191 inquit
860 1101 1008 1182 Catulus,
1044 1103 1205 1190 intellego,
1308 1196 1312 1205 ‚

164 1231 293 1306 Crasse,
314 1230 389 1316 quid
410 1231 498 1296 dicas
520 1241 551 1297 et
570 1229 696 1296 hercule
720 1233 885 1296 assentior.
930 1227 1016 1294 Satis
1036 1230 1129 1296 video
1149 1208 1207 1295 ti'bi

166 1354 284 1421 homini
316 1355 356 1420 ad
383 1356 621 1451 perdiscendum
653 1358 806 1422 acerrimo
838 1355 879 1420 ad
905 1374 945 1419 ea
977 1354 1208 1457 cognoscenda,

56 1474 64 1483 ’
167 1490 249 1566 quae
276 1480 374 1558 dicio,
406 1480 505 1546 luisse
532 1484 689 1568 temporis.
738 1479 907 1564 Pergisne,
936 1481 1035 1565 iuquit
1062 1477 1208 1557 Crassus,

167 1625 216 1670 me
245 1625 324 1690 quae
352 1606 455 1671 dicam
483 1606 521 1670 de
543 1625 608 1683 me,
635 1625 698 1670 non
725 1604 763 1670 de
785 1614 949 1690 reputare
971 1604 1099 1669 diceret
1143 1600 1211 1670 Sed
1311 1664 1314 1671 ,

167 1732 246 1806 iarn,
274 1733 302 1795 si
327 1730 445 1816 placet,
474 1730 515 1795 ad
542 1732 682 1796 instituta
707 1729 883 1794 redeamus.
925 1727 1006 1793 Mihi
1028 1749 1119 1807 uero,
1147 1727 1210 1794 Ca-

167 1855 250 1919 tulus
272 1856 384 1941 inquit,
411 1855 523 1942 placet.
572 1855 624 1921 91.
657 1852 738 1919 Tum
760 1852 910 1930 Crassus,
939 1850 1093 1931 Quorsum
1115 1856 1211 1939 igitur

168 1948 254 2037 haee
271 1981 404 2058 spectat,
427 1974 537 2058 inquit,
559 1981 623 2037 tam
644 1947 742 2055 longa
758 1982 794 2036 xet
814 1980 878 2036 tam
900 1970 961 2036 alte
977 1944 1115 2056 repetita
1137 1990 1210 2036 ora-

165 2092 233 2155 tioi
264 2087 332 2154 Hae
356 2089 436 2157 duae
457 2099 579 2175 partes,
602 2087 780 2173 quaemihi
803 2096 980 2174 supersunt,
1002 2088 1225 2154 illustrandaex

168 2209 319 2294 orationis
348 2226 386 2272 ao
411 2208 506 2272 totius
533 2197 730 2291 eloquentiae
758 2205 980 2299 cumulandae,
1010 2225 1140 2291 quarum
1162 2205 1210 2270 al-

168 2333 238 2387 tera
263 2323 327 2387 diei
352 2321 489 2406 postulat
515 2331 623 2386 ornate
651 2321 754 2385 altera
780 2330 866 2405 apte,
893 2321 975 2385 hano
1001 2317 1117 2384 habent
1138 2322 1210 2399 virn,

169 2447 202 2504 ut
229 2438 269 2502 sit
295 2456 387 2522 quam
413 2436 545 2501 maxime
574 2436 723 2511 iucunda,
756 2455 848 2521 quam
875 2436 1008 2499 maximo
1037 2436 1071 2498 in
1098 2455 1210 2502 sensus

170 2534 293 2629 eorunt,
322 2553 375 2638 qui
402 2551 542 2628 audiunt,
574 2549 682 2616 influat
708 2560 739 2616 et
766 2531 1024 2637 quamplurimis
1051 2555 1092 2615 sit
1118 2551 1212 2619 rebus

64 2731 70 2737 .
171 2673 331 2738 instructa.
382 2668 434 2733 92.
463 2665 830 2769 IQHQ„³¹1l0m
855 2666 916 2732 hoc
943 2665 1069 2732 forense
1094 2667 1213 2753 litigio·
1297 2723 1302 2729 ,

172 2808 240 2864 sum
263 2806 336 2853 acre
358 2794 491 2852 tractum
514 2804 554 2853 ex
573 2785 661 2871 vulgi
683 2783 881 2874 opinionibus
908 2784 1053 2866 exiguum
1075 2803 1213 2872 saneque
1269 2849 1291 2871 y,

61 3065 65 3071 ·
173 3045 313 3092 usuratu.
349 3035 468 3107 Vulgata
484 3034 683 3105 inexplicabilis
696 3043 750 3090 est.
768 3062 804 3078 ··-
829 3036 960 3110 possim]
976 3051 1099 3107 possum
1116 3033 1167 3106 Lg.
1186 3035 1213 3093 6.

172 3120 215 3175 21.
234 3120 268 3173 nt
285 3137 356 3174 corr.
375 3120 416 3175 76.
435 3120 477 3176 81.
498 3119 533 3172 86
551 3135 622 3173 corr.
639 3150 674 3159 —-
692 3121 846 3192 postulat]
860 3120 993 3193 postulet
1010 3119 1060 3190 Lg.
1078 3121 1103 3176 6.
1269 3110 1273 3120 ’

85 3194 91 3203 ’
253 3204 302 3266 89.
340 3203 419 3274 quod
438 3205 533 3271 senes]
551 3204 631 3274 quod
647 3221 698 3258 om.
718 3204 769 3275 Lg.
788 3205 813 3258 3.
832 3204 901 3259 5.-6.
920 3204 953 3256 nt
971 3204 1033 3258 add,
1052 3203 1095 3258 33.
1112 3233 1148 3245 -
1173 3205 1215 3258 ad

171 3290 234 3357 eas]
258 3289 299 3342 ad
319 3306 387 3342 eom
410 3287 461 3359 Lg.
481 3289 506 3344 3.
525 3288 550 3344 6.
568 3289 593 3344 6.Ι
620 3289 659 3344 lt
679 3290 718 3346 15.
741 3287 780 3344 16.
800 3290 841 3355 17.
865 3289 908 3344 to.
925 3288 967 3343 nl.
985 3287 1028 3341 23.
1046 3286 1088 3343 tt.
1107 3289 1151 3342 67.
1170 3289 1214 3345 69.

170 3372 213 3428 73.
233 3373 273 3428 76.
292 3373 324 3426 81
345 3389 416 3427 corr.
435 3372 500 3427 86·
1099 3377 1101 3381 ’

257 3456 359 3513 xxiv.
390 3457 432 3512 oo.
463 3459 537 3520 ram,
556 3457 629 3522 tam]
646 3425 818 3527 runcttmng.
833 3455 876 3510 os.
893 3455 935 3509 er.
952 3453 1048 3523 steph.
1061 3484 1096 3494 -
1116 3454 1152 3510 aa
1170 3457 1214 3525 re]
1321 3422 1334 3442 “

174 3555 227 3592 om,
247 3538 297 3609 Lg.
317 3541 357 3595 70,
390 3559 439 3594 me
461 3547 488 3594 et
512 3558 545 3594 re
564 3541 632 3594 locis
653 3541 767 3593 confuse
790 3540 818 3592 iu
836 3539 886 3609 hg.
906 3539 945 3594 lt.
967 3569 997 3582 -
1030 3537 1151 3594 Catulus
1169 3545 1215 3597 in·

175 3624 258 3691 quit}
274 3624 329 3678 inv.
346 3624 417 3678 Vict.
453 3624 487 3679 V.
507 3624 704 3703 explieationes
722 3623 755 3676 ll.
773 3622 805 3689 8,
823 3624 865 3678 31.

259 3706 301 3760 91.
338 3708 400 3761 diei
413 3709 552 3779 postulat
569 3707 837 3778 ornate1dioitLg.
853 3709 957 3778 aliquot
970 3715 997 3761 et
1010 3707 1081 3763 Viet.
1112 3714 1217 3762 ornate

175 3791 238 3844 diet
251 3791 387 3862 postulat
404 3791 444 3848 lt.
462 3792 504 3846 23.
521 3790 564 3845 67.
582 3791 624 3846 69.
643 3791 691 3869 33.
705 3791 766 3846 edd.
786 3793 925 3861 antiquiss.
944 3794 1007 3847 Sco.
1026 3791 1123 3846 Muell.
1155 3794 1219 3846 utet

98 3915 102 3923 .
174 3881 281 3928 ornate
291 3875 431 3948 postulat
447 3875 505 3929 E'rl.
535 3877 610 3930 uteie
628 3893 691 3930 orn.
707 3883 784 3948 post.
803 3877 855 3931 Cu,
872 3878 898 3935 2.
927 3884 1034 3932 ornate
1052 3894 1104 3931 our.
1123 3875 1174 3946 bg.
1190 3876 1216 3932 3.
1262 3888 1266 3895 ‘

172 3960 269 4015 5odd.
297 3960 337 4015 17.
356 3960 398 4014 20.
415 3960 457 4016 31.
481 3961 522 4017 35.
543 3959 586 4016 65.
607 3959 649 4014 81.
673 3959 742 4015 Viot.
764 3992 795 4002 -
824 3963 932 4031 odera]
957 3962 1066 4016 additur
1079 3959 1218 4031 postulat

171 4045 200 4101 iu
216 4043 267 4115 Lg.
284 4045 310 4100 6.
329 4073 366 4087 ·-
389 4047 442 4115 qut
458 4045 599 4112 audiant]
619 4048 670 4115 pot
685 4041 812 4100 erudiant
830 4045 880 4117 Lg.
899 4046 941 4101 to.
960 4046 1003 4101 23.
1245 4108 1249 4123 Ι

257 4128 301 4186 93.
337 4131 514 4206 traotatupn]
534 4135 666 4187 tractum
682 4128 732 4200 ιε.
753 4140 865 4201 praeter
883 4129 924 4185 17.
941 4129 984 4184 20.
1004 4126 1047 4181 35.
1064 4123 1109 4180 65.
1127 4121 1170 4179 93.
1182 4149 1218 4165 -·
