2942 4608
7 4330 9 4343 l

7 4346 9 4357 ι

373 325 433 393 DE
460 321 689 393 ORATORE
716 321 988 393 [militium.
1099 328 1197 401 ffl

152 516 218 563 non
240 456 353 573 omnia
375 514 456 582 quoe
477 501 723 582 proponerentur
744 498 830 559 orne
853 493 895 559 ed
910 494 1196 560 omniurnveotrunr

133 665 135 668 >
154 614 288 680 studium
310 622 341 680 et
362 612 403 678 ad
415 631 516 696 genus
536 610 580 689 id,
603 610 687 698 quod
704 612 835 697 quisque
856 621 994 678 vestrum
1015 612 1048 676 in
1065 610 1198 681 dicendo

153 731 313 818 probaret,
342 729 620 806 adhaerescerent,
648 728 682 794 id
709 747 799 794 orne
821 747 924 813 genus
951 731 1080 814 opprimi
1101 731 1198 795 senti-
1235 768 1238 775 ·

153 850 245 927 retis,
272 849 354 934 quod
375 849 510 913 mammo
538 846 698 933 mihiipsi
722 845 917 940 probaretur.
959 843 1045 930 Ergo
1066 845 1146 912 liaeo
1168 856 1200 913 ot

155 965 281 1051 agenda
301 975 373 1031 sunt
394 964 434 1029 ab
457 974 598 1043 oratore,
622 983 703 1050 quae
725 963 893 1050 explicavit
907 962 1076 1042 Antonius,
1099 973 1130 1029 et
1151 962 1200 1029 di-

153 1083 256 1150 cende
281 1081 418 1168 quodam
438 1081 541 1149 modo.
584 1078 720 1160 Quinam
745 1083 842 1167 igitur
868 1081 993 1150 dicendi
1017 1090 1067 1148 est
1087 1082 1199 1148 modus

155 1200 387 1280 melior(nan1
415 1198 455 1263 de
484 1200 607 1265 actione
632 1208 704 1284 post
729 1198 871 1282 videro),
905 1218 998 1284 quam
1028 1208 1061 1264 ut
1074 1196 1198 1277 'Latine

155 1316 307 1413 illm
336 1325 370 1380 ut
395 1324 503 1409 ennete
535 1325 568 1381 ut
599 1316 712 1393 adid,
744 1300 948 1403 quodcunque
978 1317 1096 1400 agitur,
1114 1327 1198 1411 apte

156 1410 424 1523 congruenterque
442 1433 605 1528 dicamusl
636 1432 688 1499 38.
710 1433 813 1520 Atque
835 1454 943 1505 eorum
962 1433 1097 1520 quidem,
1118 1453 1200 1520 quae

157 1552 218 1618 duo
239 1553 340 1639 prime
367 1550 447 1629 dixi,
472 1529 627 1616 lotionem
653 1569 718 1615 non
739 1550 874 1617 arbitror
896 1553 1071 1638 exspectari
1099 1571 1201 1630 eme,

155 1671 226 1757 puri
248 1668 437 1754 dilucidique
464 1670 629 1733 sermonis.
666 1641 779 1753 ‘nequ
806 1670 889 1733 enim
915 1689 1065 1736 conemur
1085 1670 1200 1736 docere

158 1807 229 1853 eurn
252 1786 372 1864 dicere,
399 1787 453 1871 qui
477 1784 566 1870 loqui
591 1785 730 1862 nesciat,
755 1804 816 1850 nec
843 1805 986 1873 sperare,
1015 1788 1067 1871 qui
1081 1783 1201 1852 Latine
1257 1762 1259 1768 ,

157 1923 220 1970 non
240 1904 354 1990 possit,
380 1901 462 1968 hunc
489 1912 598 1969 ornate
625 1921 699 1981 esse
726 1901 878 1968 dicturum
903 1922 1005 1990 neque
1031 1923 1120 1982 vero,
1149 1907 1201 1990 qui

156 2040 220 2088 non
235 2021 319 2087 dicat
340 2020 423 2107 quod
443 2019 674 2104 intellegamus,
695 2018 778 2085 lrunc
795 2039 890 2106 posse
913 2022 996 2107 quod
1013 2021 1201 2088 admiremur

157 2139 272 2205 dicere.
306 2136 499 2235 Linquamus
521 2139 617 2222 igitur
637 2136 727 2216 haec,
751 2156 831 2223 quae
854 2140 1065 2223 cognitionem
1085 2139 1202 2206 hebent

157 2257 294 2335 facilem,
315 2276 404 2335 usum
424 2246 651 2351 necessarium.
693 2253 775 2319 Nam
797 2255 928 2321 alterum
949 2258 1081 2322 truditur
1100 2257 1202 2321 literis

46 2324 373 2456 iratumne
387 2357 518 2457 inan
548 2371 679 2436 anteum
706 2369 871 2439 allius
898 2371 937 2437 ⁰¹)
965 2391 1036 2437 0³¹³
1063 2391 1202 2451 ⁰³¹¹⁸³¹¹¹’

161 2632 243 2693 tropo
267 2621 296 2675 in
321 2619 481 2690 allegoriam
504 2623 616 2685 transit,
639 2618 706 2684 hoe,
731 2618 805 2688 quod
827 2619 924 2689 Steph'.
946 2620 1007 2674 Ald.
1032 2618 1101 2676 lunt.
1124 2621 1203 2678 Man.
1254 2632 1260 2641 ·

161 2705 258 2760 Lamb.
285 2713 313 2758 et
339 2705 508 2758 recentiores
533 2703 669 2758 dederunt
693 2712 790 2772 estque
811 2719 935 2756 meorum
956 2704 985 2758 irr
1007 2704 1079 2759 vict.
1107 2706 1158 2760 Gu.
1176 2709 1202 2761 1.
1284 2708 1287 2715 ’

159 2791 211 2863 Lg.
230 2790 255 2845 5.
272 2790 315 2854 6.,
341 2790 431 2859 aptius
448 2789 572 2855 videtur,
597 2805 677 2857 quom
696 2788 901 2858 confirmaret,
926 2806 997 2858 quae
1021 2799 1062 2845 est
1082 2807 1211 2855 meorunn

160 2877 338 2948 plurimorum
355 2867 504 2944 scripturo,
524 2890 577 2926 nec
596 2873 718 2926 deterior
736 2891 787 2944 per
804 2890 849 2939 ee,
872 2891 932 2926 curn
949 2872 1084 2946 significet
1103 2875 1205 2931 bonurn

160 2978 179 3014 e
195 2969 293 3014 notura
311 2959 404 3012 datum
420 2959 576 3030 praeceptis
595 2967 623 3012 et
641 2959 768 3030 exemplo
787 2957 977 3014 corroborare.

247 3096 282 3151 X.
318 3094 361 3150 37.
392 3094 610 3166 praedicendo]
621 3092 831 3165 praedicanda
846 3093 901 3166 Lg.
911 3095 936 3150 3.
951 3094 976 3150 6.
990 3093 1033 3149 16.
1048 3095 1089 3150 nl.
1103 3096 1145 3152 31.
1159 3097 1226 3155 aa·

158 3181 202 3238 65.
220 3181 263 3236 69.
295 3177 504 3254 praedicanda
520 3196 542 3234 s.
559 3178 764 3251 predicanda,
788 3194 858 3249 quae
878 3197 914 3232 ex
931 3182 1058 3250 proximo
1076 3182 1124 3236 illo
1143 3192 1205 3238 orte
1257 3183 1260 3187 ’

53 3313 60 3323 .
159 3275 232 3334 sunt,
251 3265 275 3321 5.
297 3265 394 3319 1415.
414 3263 456 3317 23.
473 3263 515 3318 67.
534 3262 576 3320 73.
591 3263 633 3318 76.
650 3264 692 3318 81.
706 3264 749 3318 86.
767 3265 838 3318 Viot.
858 3263 1042 3318 ou>1.n.-
1061 3269 1204 3335 oestrum]

160 3358 295 3406 vostrum
312 3349 363 3421 Lg.
378 3349 403 3404 5.
423 3348 463 3403 15.
477 3347 519 3403 73.
535 3348 578 3404 86.
599 3365 687 3418 eoque
705 3351 788 3403 etium
804 3355 941 3402 nostrum
957 3349 1030 3403 redit
1044 3350 1112 3417 ind.
1133 3351 1205 3407 vict.

161 3453 233 3492 corr.
245 3466 280 3476 -
297 3434 428 3506 quodum
440 3434 542 3501 modo]
559 3435 600 3488 sic
617 3434 734 3502 divisim,
753 3442 784 3487 ut
800 3432 958 3504 postulabat
974 3450 1079 3502 sensus,
1097 3435 1148 3508 [ις.
1161 3437 1204 3495 64.
1231 3436 1236 3457 l

67 3572 74 3577 .
161 3520 204 3575 32.
223 3521 265 3576 67.
284 3521 326 3576 76.
344 3520 386 3575 84.
410 3549 446 3561 -
476 3519 596 3579 dicendi
618 3526 664 3573 est
684 3518 802 3586 medere]
829 3525 875 3572 eet
895 3520 1002 3573 modus
1027 3522 1084 3576 dic.
1109 3521 1160 3594 Lg.
1179 3527 1205 3582 5.

162 3606 220 3661 dic.
240 3609 333 3677 iqitur
349 3610 393 3658 esi
409 3621 449 3656 m.
466 3603 537 3658 Vici.
554 3632 590 3648 ν-
621 3603 730 3671 adid]
749 3602 914 3673 om.Lg..6.
944 3605 978 3659 td
996 3622 1049 3662 orn.
1067 3608 1092 3663 3.
1111 3609 1154 3664 32.
1172 3641 1206 3651 -
1277 3601 1280 3617 ¹

162 3690 365 3760 quodeunque]
384 3687 464 3758 quod
481 3688 530 3759 ng.
549 3688 595 3758 21.
610 3718 642 3728 -
667 3689 783 3759 apator]
802 3691 903 3759 opiter
920 3689 972 3746 Gu.
992 3690 1014 3746 l.

251 3821 293 3876 38.
313 3820 523 3892 'dilucidiqud
548 3823 696 3893 lucidique
717 3821 830 3894 Lg.·81.
848 3823 892 3878 84.
918 3826 969 3881 Gn.
989 3826 1014 3881 2.
1037 3855 1073 3871 ι-
1100 3829 1208 3883 dooere

98 3910 101 3921 ’
164 3924 232 3962 eum
250 3906 359 3975 dicere]
378 3906 477 3960 dicere
497 3925 549 3964 om.
567 3908 638 3963 vict.
675 3909 774 3963 dicere
790 3927 858 3962 eum
877 3911 982 3966 docere
998 3913 1062 3968 Seli.
1083 3914 1118 3967 de
1136 3917 1206 3969 conl.

162 4001 329 4061 secutusque
350 3990 448 4046 Murell.
466 4022 500 4031 —
529 3995 660 4065 perere]
683 4002 839 4068 speramus
855 3995 950 4075 Lamb.
973 4037 991 4063 ,,
999 3999 1050 4052 sed
1066 4016 1101 4051 ex
1121 3998 1207 4051 verbo

42 4132 45 4145 ,
165 4095 308 4134 conamur
334 4077 370 4131 ad
395 4094 423 4131 v.
449 4093 571 4148 operare
596 4079 764 4133 eliciendum
779 4089 827 4134 est
849 4082 1027 4136 audemus.“
1064 4079 1151 4136 Orell.
1174 4107 1209 4122 —-

167 4167 364 4236 oofflttttooem
377 4160 502 4243 hubent]
518 4163 558 4217 sie
570 4162 620 4235 Lg.
635 4173 746 4235 praeter
759 4164 799 4221 15.
815 4164 858 4220 84.
873 4182 977 4230 omnes,
994 4166 1066 4218 Vict.
1081 4164 1133 4217 Gu.
1148 4164 1171 4219 l.
1183 4163 1208 4221 1.
