2942 4608
188 287 193 301 ’
257 269 357 341 199
665 256 921 337 CICERONIS

73 392 86 405 ’
133 511 140 521 ,
259 443 385 502 satore
412 426 459 501 sie
481 434 698 522 praetiosi-em
719 454 812 501 unum
838 444 869 500 te
895 424 1088 501 irridendo
1110 432 1186 501 milri
1206 434 1309 507 udas

260 551 465 618 tectissimum
486 554 704 647 propriumque
731 551 792 619 hue
814 570 887 619 esse
908 550 1014 617 laudis
1033 559 1108 618 'tuae
1133 551 1213 618 rrilril
1236 573 1257 619 a
1277 565 1308 620 te

259 682 395 754 arwam
421 687 494 734 esse
522 668 650 747 dietum,
678 669 762 755 quod
789 667 917 741 abesset
938 670 985 745 ei,
1010 687 1067 755 pro
1090 689 1151 754 quo
1174 669 1309 739 diceres,

260 782 356 870 ld'que
372 788 536 855 ‚memoria
556 797 663 869 terreo,
691 802 761 853 eum
787 785 863 852 mihi
885 803 994 853 sermo,
1010 803 1080 850 eum
1103 784 1165 852 hoe
1188 784 1309 853 Crasso
1379 794 1390 809 “

236 902 365 978 ,multis
398 902 596 975 audientibus
628 913 715 969 esset
746 904 903 969 institutus
936 899 1134 989 Crassusque
1164 902 1310 990 plurimis

259 1018 365 1085 uerbis
387 1020 597 1107 eloquentiam
610 1019 760 1087 laudaret
779 1030 879 1096 tuam‚'
896 1018 1015 1085 dixisse
1032 1038 1081 1084 ure
1104 1039 1174 1086 eum
1191 1023 1307 1086 ceteris
1336 1095 1340 1103 ⁴

259 1136 321 1209 tuis
345 1135 492 1202 laudibus
518 1136 601 1233 hauc
622 1145 698 1203 'esse
716 1136 776 1202 uel
798 1136 979 1213 maximam,
1009 1136 1093 1221 quod
1118 1136 1307 1203 uousulum

260 1251 344 1336 quod
379 1231 456 1340 epus
490 1263 575 1319 esset
606 1254 746 1330 diceres,
783 1252 841 1319 se'd
878 1254 972 1319 etiam
1009 1252 1094 1338 quod
1129 1273 1193 1319 nou
1227 1273 1306 1340 opus

261 1377 347 1443 esset
379 1388 445 1460 nau
475 1369 608 1439 diceres.
669 1369 743 1441 297.
776 1367 858 1434 Tum
888 1368 976 1434 illum
1007 1368 1084 1434 mihi
1115 1368 1309 1456 respondere

233 1549 234 1552 ,
261 1485 388 1549 memini
418 1493 525 1550 cetera
554 1487 644 1564 inte
672 1504 789 1550 summe
817 1503 890 1549 esse
916 1484 1091 1562 laudanda,
1123 1485 1203 1551 illud
1227 1506 1306 1552 reru

261 1598 395 1687 improbi
421 1619 494 1666 esse
520 1600 655 1669 luminis
682 1610 713 1666 et
738 1598 1031 1687 perfidiusidieere
1057 1601 1141 1693 quud
1167 1602 1304 1667 alienum
1348 1684 1354 1693 δ

262 1727 348 1786 esset
377 1728 409 1784 et
436 1728 565 1784 noceret
596 1717 642 1796 ei,
671 1737 728 1804 pru
760 1736 821 1803 quo
854 1717 984 1802 quisque
1016 1716 1144 1784 diceret.
1200 1706 1311 1798 Quare

260 1855 325 1902 uon
351 1835 416 1901 sibi
441 1855 512 1901 eum
538 1836 702 1912 disertum,
730 1835 783 1920 qui
809 1833 841 1899 id
862 1854 924 1900 non
946 1833 1079 1912 laceret,
1105 1834 1220 1911 videri,
1249 1836 1309 1902 sed

262 1951 449 2038 inprobum,
481 1953 534 2037 qui
561 1951 690 2051 laceret.
742 1948 845 2028 Nune,
876 1955 905 2018 si
930 1951 988 2039 tibi
1013 1951 1151 2029 ridetur,
1177 1951 1307 2031 Antoni,-

264 2200 308 2256 81.
324 2199 368 2254 84.
388 2199 431 2256 86.
451 2200 494 2257 93.
522 2217 570 2255 me
587 2200 684 2256 hercle
701 2202 727 2256 4.
745 2200 786 2255 lu.
804 2200 847 2256 ul.
866 2201 991 2267 1611.-
1011 2208 1045 2257 te.
1057 2203 1189 2270 oratore]
1207 2205 1236 2256 te
1253 2218 1308 2259 σω.

263 2283 314 2355 Lg.
329 2285 354 2339 9.
370 2286 396 2340 3.
411 2286 436 2340 d.
457 2284 482 2341 6.
503 2286 543 2341 13.
561 2284 603 2340 39.
621 2284 663 2340 36.
685 2285 757 2340 Viet.
784 2285 821 2338 de
838 2303 892 2340 om.
910 2286 935 2340 6.
955 2295 982 2339 et
999 2285 1082 2340 hebet
1100 2293 1258 2342 oratorem,
1272 2315 1307 2328 -

134 2442 148 2455 .
209 2432 215 2441 Ι
250 2371 297 2446 ‘its
314 2368 451 2437 dicendo]
472 2387 535 2423 esse
554 2369 679 2435 dicendo
702 2368 754 2423 Gn.
774 2369 798 2424 1.
817 2398 853 2412 -
881 2371 1088 2438 tectissimum]
1109 2371 1150 2424 sie
1171 2370 1262 2425 llavn.
1284 2371 1308 2424 1.

264 2454 290 2508 u.
303 2460 330 2521 β.
345 2455 370 2509 d.
385 2466 418 2525 ψ.
442 2452 524 2509 Nori.
546 2472 570 2508 a
595 2471 629 2509 m.
648 2470 703 2508 sec.
731 2452 823 2524 lige.
844 2454 884 2509 17.
912 2453 964 2515 Gu,
981 2453 1007 2508 9.
1031 2454 1092 2507 Ald.
1115 2454 1184 2509 lunt.
1211 2454 1307 2509 Lami).

208 2578 218 2589 .
262 2537 363 2594 Pearc.
386 2546 415 2592 et
437 2546 550 2605 recente.
577 2546 640 2609 post
656 2536 723 2592 Em.
758 2536 866 2591 Eodem
888 2536 962 2590 ducit
979 2537 1173 2592 tectissimum
1195 2538 1222 2592 in
1239 2538 1308 2593 VSt.

263 2621 295 2676 Ζ.
316 2620 375 2676 Erl.
392 2641 419 2692 y.
445 2621 496 2676 Gu.
516 2621 541 2677 3.
564 2621 615 2693 Lg.
634 2622 660 2676 3.
681 2621 721 2677 13.
740 2621 782 2675 36.
804 2622 838 2675 65
855 2637 925 2675 corr.
949 2629 978 2674 ut
998 2621 1039 2675 17.
1050 2621 1101 2675 84.
1117 2621 1161 2676 93.
1184 2623 1249 2675 item
1267 2621 1308 2674 le·

263 2709 413 2761 tissimum
429 2705 456 2759 iu
476 2706 493 2758 d
510 2722 580 2759 corr.
599 2714 628 2759 ut
645 2706 670 2760 3.
691 2704 717 2760 6.
733 2704 769 2759 31
782 2712 863 2761 corr(
874 2713 902 2759 et
919 2722 983 2776 exp.
1002 2716 1032 2759 ut
1049 2706 1074 2760 3.
1111 2706 1309 2760 laetissimum

262 2790 333 2845 alter
351 2789 448 2860 Steph.
466 2788 545 2844 liber.
577 2793 778 2844 rectissimum
795 2788 884 2843 llavn.
903 2788 928 2844 1.
949 2807 970 2845 ε.
996 2789 1049 2845 Gu.
1070 2789 1092 2844 l.
1119 2788 1189 2843 Vict.
1210 2797 1238 2842 et
1256 2789 1309 2860 Lg.

263 2872 461 2931 ceteriXVlll.
480 2888 507 2928 v.
526 2872 735 2943 explicationes.
753 2901 788 2914 -
809 2872 907 2943 idque]
926 2873 960 2927 td
977 2874 1056 2942 quod
1072 2872 1123 2944 Lg.
1142 2873 1168 2927 4.
1185 2871 1220 2925 id
1234 2888 1309 2927 corr.

191 3011 196 3017 .
263 2958 298 3013 td
313 2974 372 3028 qua
389 2957 431 3014 86.
450 2986 486 3000 -
509 2956 567 3010 doe
588 2956 709 3026 Crasso]
726 2957 783 3011 hoa
800 2974 853 3010 om.
870 2956 920 3029 Lg.
940 2958 980 3012 15.
999 2957 1041 3013 11.
1060 2957 1103 3012 86.
1136 2960 1214 3029 ipse,
1234 2956 1309 3026 quod

262 3038 348 3113 ‘vulgo
372 3042 499 3108 additur,
526 3041 618 3096 delevi
643 3051 752 3096 secutus
775 3041 825 3113 Lg.
843 3042 869 3097 9,
893 3043 919 3096 3.
944 3043 968 3096 d.
990 3040 1016 3095 6.
1040 3040 1083 3095 32.
1102 3041 1144 3096 36.
1171 3057 1310 3110 sensuque

263 3126 383 3182 lubente.
424 3124 525 3195 Neque
549 3126 622 3178 enim
647 3124 747 3180 Crasso
770 3125 855 3189 haec,
883 3125 933 3179 sed
957 3126 1078 3180 Antonio
1106 3124 1172 3179 dicit
1195 3124 1309 3190 Caesen

262 3228 353 3281 neque
370 3218 435 3287 ante
453 3228 470 3263 a
486 3210 587 3265 Crasso
604 3209 750 3279 quidquam
768 3210 868 3263 dictum
886 3211 1049 3283 autfertum
1066 3218 1203 3276 narratur,
1223 3218 1253 3262 ut
1271 3225 1306 3262 eu

261 3295 425 3369 pronomine
448 3294 484 3348 ad
507 3311 569 3348 eum
591 3294 677 3348 rediri
699 3311 769 3364 opus
793 3295 835 3349 sit.
879 3292 947 3348 ltem
972 3311 1037 3346 mox
1060 3292 1098 3346 de
1121 3300 1150 3346 te
1174 3301 1239 3348 aute
1263 3295 1310 3345 tn·

263 3380 386 3433 stitutus
410 3377 502 3432 delevi
525 3376 674 3432 seeundum
697 3376 747 3448 Lg.
765 3378 791 3432 3.
817 3379 842 3433 3.
862 3379 888 3433 d.
909 3377 934 3432 6.
960 3377 1000 3431 13.
1025 3376 1067 3431 39.
1091 3376 1309 3441 36.;,εει·ι]ιοηίε’

263 3463 336 3517 enirn
359 3471 547 3533 argumentum
570 3463 636 3516 satis
660 3461 814 3516 declaratur
837 3463 864 3516 in
886 3461 1070 3531 sequentibus.
1094 3492 1126 3504 -
1151 3458 1309 3536 plurime]
1377 3532 1382 3539 1

258 3544 395 3619 pluribus
416 3545 466 3617 ig.
487 3547 512 3602 3.
529 3548 554 3602 Δ.
573 3546 599 3603 6.
626 3547 666 3602 13.
686 3545 728 3600 39.
747 3545 789 3602 36.
810 3544 853 3602 69.
872 3544 914 3603 76.
949 3548 1042 3600 ettam
1055 3545 1200 3618 plurimis
1222 3543 1261 3596 15.
1274 3568 1310 3583 ·-

263 3631 381 3699 ueteris]
400 3633 490 3685 certis
507 3630 557 3702 Lg.
571 3632 588 3683 4
601 3648 672 3685 corr.
698 3628 841 3700 Perpetua
858 3630 993 3696 conlusio,
1012 3630 1047 3683 de
1065 3646 1120 3699 qua
1138 3628 1203 3681 vide
1216 3626 1309 3682 Klotz.

263 3715 299 3769 ad
324 3713 379 3770 cic.
393 3713 480 3783 ¹leuel.
505 3731 533 3784 p.
559 3714 617 3768 187.
642 3745 673 3756 -
703 3716 790 3786 opus]
815 3717 949 3768 maatme
972 3730 1045 3786 epus
1070 3713 1123 3770 Gu.
1142 3712 1167 3767 3.
1191 3740 1226 3751 -
1251 3708 1311 3764 'sed

263 3802 356 3853 ettam
371 3828 407 3840 -
423 3814 482 3852 nee
500 3797 625 3866 diceres]
648 3798 718 3852 haec
740 3797 822 3867 plane
847 3815 900 3853 om.
924 3797 975 3853 Gu.
995 3797 1020 3853 3.
1058 3813 1117 3852 nun
1139 3810 1194 3852 um.
1213 3793 1264 3867 bg.
1282 3793 1309 3881 63

265 3881 297 3936 16
314 3881 376 3935 add.

349 3980 408 4034 297.
442 3980 526 4035 illum
539 3952 625 4045 mitt]
639 3979 695 4031 inv.
708 3975 759 4048 [ς.
771 3979 796 4033 3.
808 3980 834 4032 6.
849 3980 888 4035 13.
902 3981 944 4036 32.
961 3981 1055 4035 Lamb.
1067 4010 1102 4022 —
1119 3979 1310 4054 respendere]

264 4061 450 4134 respondisse
473 4062 524 4132 bg,
542 4060 585 4117 69.
606 4060 647 4116 76.
666 4059 709 4118 93.
726 4088 761 4104 -
793 4078 855 4118 este
878 4063 971 4134 laud]
996 4082 1058 4121 esse
1082 4080 1135 4120 om.
1160 4063 1212 4136 Lg.
1230 4062 1255 4121 1.
1274 4090 1312 4103 -
