2938 4590
384 291 443 359 us
473 250 988 361 ouarosumnsa‘um
1046 350 1052 371 .
1113 237 1210 369 in
1330 263 1336 269 ’
1450 276 1451 283 ‘

164 461 504 542 nonsummum
532 480 633 547 anus
663 471 712 529 est
737 464 815 540 ioci,
848 483 909 548 quo
939 482 1006 529 non
1035 482 1075 529 ex
1101 463 1211 530 eodem

165 601 281 648 neuma
305 590 337 646 et
361 582 477 666 grauia
501 590 670 646 mmautur.
713 580 788 646 251.
814 580 917 666 Atque
945 579 1005 647 hoc
1027 584 1121 647 etiarn
1143 584 1212 648 anie

108 710 115 723 ‘
165 698 419 765 madventcudum
440 704 490 765 cst
509 718 575 764 uon
597 717 670 764 esse
690 699 801 769 amuis
820 698 956 765 ridicula
976 699 1090 765 faceta
1129 698 1212 779 Quid

123 884 127 889 ,
164 819 249 883 euim
269 826 465 903 potestesse
486 814 751 916 tanusridiculum,
778 835 871 902 quam
894 818 1006 882 sannio
1029 823 1102 882 esti
1146 816 1213 885 Sed

165 954 223 1001 ore
236 933 322 1000 vultu
343 933 503 999 imitandis
524 933 664 1001 muribus
685 953 763 1000 voce
786 933 919 1019 denique
941 953 1073 1020 corpore
1094 935 1213 1002 ridetur

164 1053 243 1139 ipso.
297 1048 428 1119 Salsum
459 1050 540 1118 hunc
570 1068 699 1137 possum
730 1051 836 1118 dicore
869 1061 961 1137 atquc
993 1053 1054 1129 ita,
1084 1072 1148 1120 uon
1179 1064 1211 1120 ut

164 1169 320 1237 eiusmodi
340 1179 498 1255 oratorum
519 1187 594 1237 essu
613 1167 722 1246 solinu,
745 1169 803 1235 sed
824 1178 857 1235 ut
877 1171 1012 1235 murum.

249 1284 350 1353 LXII.
394 1285 500 1365 Quare
526 1287 657 1371 primum
687 1306 788 1371 genus
813 1285 888 1363 hoc,
923 1287 1006 1373 quod
1031 1289 1128 1353 risum
1158 1288 1212 1354 rei

50 1417 56 1430 '
164 1406 299 1473 maxime
322 1414 433 1480 movet
455 1422 519 1469 nou
539 1411 588 1467 cst
609 1412 762 1471 nostrum:
784 1423 942 1470 morosum
962 1407 1211 1491 superstitiosum

165 1524 375 1609 suspiciosum
405 1519 581 1615 gloriosum
612 1519 757 1597 stultum3
793 1504 924 1586 naturae
954 1522 1094 1588 ridentur
1124 1525 1242 1610 ipsum.

165 1659 245 1726 quas
261 1656 416 1725 personas
432 1637 554 1727 agitare
577 1634 725 1711 sodomus,
747 1655 811 1701 non
827 1638 993 1705 sustinere.
1025 1638 1098 1703 252.
1121 1638 1211 1705 Alte-

164 1775 234 1821 rum
259 1774 361 1838 genus
382 1763 431 1821 est
451 1754 624 1819 imitatione
647 1751 813 1819 admodum
834 1751 1013 1830 ridiculum,
1041 1755 1098 1820 sed
1119 1755 1212 1822 uobis

106 1962 112 1967 .
164 1881 282 1966 murm
309 1869 383 1939 licet
399 1871 527 1948 furtim,
560 1869 755 1956 siquando,
785 1879 815 1935 ct
842 1872 976 1937 cursim:
1009 1871 1103 1938 aliter
1128 1875 1211 1939 onim

164 1976 291 2059 minime
315 1998 366 2054 est
391 1987 542 2066 liberal03
574 1989 697 2054 tertium
723 1988 789 2054 oris
814 1988 997 2075 depravatio
1023 2009 1087 2057 uon
1114 1990 1210 2076 digna

162 2106 272 2186 nobis3
304 2115 446 2192 quonum
473 2104 667 2181 obscenitas,
698 2124 762 2170 nou
788 2104 889 2170 solum
916 2126 980 2171 non
1005 2107 1074 2175 foro
1102 2109 1208 2193 digna,

164 2225 222 2291 sed
245 2226 299 2290 uix
326 2224 470 2291 conuiuio
497 2218 678 2287 liberorum.
730 2218 887 2289 Detractis
919 2224 1015 2306 igitur
1045 2234 1089 2290 tot
1114 2225 1209 2292 rebus

164 2324 206 2407 ea
229 2341 291 2406 hoc
318 2341 457 2405 oratorio
483 2336 556 2403 loco
587 2338 724 2403 facetiae
758 2336 900 2421 reliquae
927 2350 1011 2415 sunt.
1044 2359 1124 2425 quae
1158 2351 1211 2407 aut
1240 2313 1246 2329 ⁵

165 2458 199 2522 in
219 2475 265 2534 re,
287 2465 319 2547 ut
341 2464 412 2523 oute
436 2453 539 2529 diuisi,
561 2454 684 2537 positae
704 2451 849 2517 videntur
870 2472 952 2530 csse,
976 2464 1029 2520 aut
1049 2457 1082 2519 in
1103 2456 1210 2523 verbo.

250 2689 310 2744 250.
346 2687 510 2761 asperiori]
534 2687 622 2740 rarius
647 2693 676 2739 et
693 2685 798 2747 lecticis¹
812 2696 1020 2757 cognomentum
1042 2691 1070 2743 iu
1089 2692 1212 2749 orcdnem

164 2775 291 2845 recipere
313 2790 368 2827 nou
392 2772 516 2827 dubitavi
539 2770 733 2842 0111363.
753 2771 779 2824 6.
799 2770 840 2827 15.
861 2772 901 2827 16.
920 2773 964 2826 61.
983 2773 1026 2829 36.
1044 2774 1087 2830 65.
1107 2776 1148 2832 73.
1166 2777 1210 2834 86.

164 2861 204 2915 ita
215 2875 285 2913 corr.
300 2858 324 2912 5.
343 2858 427 2929 vulgo
440 2850 560 2912 ntu'iori.
573 2884 609 2898 -
628 2855 882 2924 accommodanti]
900 2857 1046 2915 adsensus.
1061 2859 1111 2931 ug.
1123 2860 1166 2915 67.
1175 2891 1219 2927 -,

167 2943 271 3011 Galeas
289 2946 366 2997 satis
380 2943 441 3011 est]
459 2943 486 2996 iu
503 2940 641 2996 sententia
651 2940 796 3012 deplorata
813 2943 947 2997 tacendae
964 2953 1055 2998 tamen
1073 2962 1127 2998 uon
1145 2955 1210 3003 suut

164 3028 318 3098 scripturae
329 3026 529 3081 memorabiles.
560 3025 633 3082 Nom
651 3033 696 3080 est
714 3027 800 3081 cadon
818 3031 894 3080 satis
913 3027 963 3100 bg.
975 3028 1001 3085 6.
1031 3031 1115 3085 culco
1134 3037 1211 3087 satis

74 3178 77 3183 ¹
166 3118 211 3169 eat
229 3110 271 3167 36.
293 3118 344 3165 -est
361 3129 414 3166 orn.
428 3110 453 3166 5.
478 3111 553 3165 Dein
567 3128 714 3183 purumne
732 3111 783 3166 Gu.
800 3111 823 3165 1.
837 3111 891 3183 Ing.
906 3114 949 3167 65.
963 3114 1005 3169 76.
1024 3115 1120 3186 steph.
1139 3117 1210 3173 Vict

165 3197 201 3256 ul.
226 3203 352 3268 paterne
368 3195 420 3267 Lgc
437 3195 463 3249 6.
481 3194 523 3250 36.
550 3196 583 3251 V.
603 3195 809 3265 explicationes.
830 3228 861 3237 —
890 3214 948 3266 quo
966 3200 1036 3266 non]
1055 3200 1135 3269 quod
1151 3216 1210 3256 non

165 3280 253 3352 1252.
268 3280 293 3335 3.
309 3280 334 3334 5.
347 3280 375 3334 6.
393 3280 434 3339 id.
452 3279 493 3338 15.
508 3279 549 3335 16.
567 3280 610 3335 20.
629 3279 671 3335 21.
689 3280 732 3336 63.
751 3279 793 3335 36.
811 3279 853 3336 65.
869 3281 913 3335 67.
931 3281 974 3336 ott.
994 3283 1036 3337 76.
1052 3283 1092 3337 73.
1106 3284 1149 3342 76.
1165 3285 1209 3344 86.

251 3365 312 3420 251.
349 3365 449 3434 nimae]
473 3370 507 3421 at
527 3363 579 3435 Lg.
597 3364 622 3418 6.
641 3365 683 3421 76.
701 3394 737 3405 -
767 3366 1064 3425 animaduertendum
1083 3370 1144 3436 oct]
1165 3377 1211 3425 est

165 3450 260 3505 addidi
283 3467 318 3503 ex
341 3448 392 3519 Lg,
416 3456 526 3518 praeter
548 3447 574 3503 6.
597 3448 639 3503 81.
657 3448 700 3505 84.
719 3449 762 3507 63.
780 3477 817 3489 -
847 3466 969 3521 corpore
993 3440 1110 3505 ridetur
1131 3456 1211 3525 ipso]
1233 3494 1236 3504 .

166 3539 234 3608 ipsso
252 3550 376 3606 corpore
394 3532 508 3586 ridetur
526 3532 577 3603 ng.
596 3540 709 3603 praeter
727 3533 767 3593 17,
786 3532 829 3586 to.
850 3533 892 3588 67.
911 3533 954 3588 66.
976 3535 1017 3592 76.
1035 3535 1078 3593 81.
1095 3536 1138 3595 84.
1157 3539 1211 3606 93,

165 3618 232 3674 Eun.
257 3620 297 3673 ita
319 3634 392 3671 corr.
409 3614 453 3670 81.
490 3632 572 3688 corp.
596 3621 662 3687 ipso
685 3634 709 3670 r.
736 3616 776 3675 17.
799 3616 959 3675 1617111111).
996 3618 1062 3691 ipso
1085 3622 1211 3693 denique
1225 3619 1239 3689 J

167 3720 247 3776 corp,
266 3721 290 3760 r.
310 3702 374 3756 76.’
389 3717 512 3772 corpore
529 3700 587 3754 rid.
606 3703 671 3771 ipso
695 3700 747 3758 Gn.
763 3702 788 3757 1.
807 3701 833 3755 2.
856 3701 904 3773 ng.
924 3702 966 3759 67.
983 3703 1027 3763 66.
1044 3705 1086 3761 81.
1104 3706 1147 3762 81.
1165 3707 1209 3765 63.

165 3787 274 3844 Nonius
290 3803 320 3846 u.
338 3788 509 3848 sanniones,
529 3800 610 3853 quens
626 3784 794 3852 sequendum
810 3785 938 3844 viderunt
955 3785 1005 3847 Or.
1022 3789 1107 3847 fleur.
1126 3801 1154 3847 et
1170 3795 1211 3847 sic

165 3872 249 3943 vulgo
268 3879 332 3926 aute
350 3869 417 3927 Ern.
483 3894 488 3901 -

248 3954 336 4012 axii.
371 3952 431 4011 252.
468 3953 594 4021 tontum]
625 3959 726 4007 tamen
754 3954 803 4026 [ig.
830 3955 871 4012 17.
895 3954 937 4011 76.
961 3986 998 4001 -
1030 3959 1210 4031 obscenitas]

165 4039 215 4112 ις.
242 4039 267 4094 6.
291 4039 335 4094 36.
364 4037 408 4094 67.
432 4035 475 4091 66.
512 4036 704 4094 obscenitatis
728 4037 779 4110 Lg.
804 4041 864 4096 roll.
895 4041 948 4094 Gu.
974 4042 997 4096 1.
1033 4043 1133 4101 Paulo,
1146 4055 1227 4109 ants·

166 4125 294 4183 adimunt
309 4139 362 4199 pro
381 4121 472 4179 aliter
490 4121 542 4181 Gu.
558 4123 581 4181 1.
597 4150 633 4165 ·-
648 4122 733 4194 loco]¹
746 4126 811 4181 ioco
829 4123 880 4197 Lg.
894 4124 919 4178 1.
939 4124 980 4180 la
995 4124 1036 4179 15.
1053 4124 1093 4179 16.
1110 4124 1154 4180 36.
1166 4124 1209 4182 36.
