2980 4602
279 304 350 374 06
617 346 622 352 -
714 298 971 368 ciceronis
1080 404 1082 409 Δ

280 466 372 545 Quae
397 470 482 533 enim
502 467 696 552 singulorum
717 488 822 534 rernm
848 468 985 535 artifices
1007 470 1135 553 singula
1157 474 1186 536 si
1207 474 1326 541 medio-

280 587 375 650 criter
396 585 501 671 adepti
522 595 606 663 sunt,
632 584 811 671 probantur,
837 605 878 650 ea
898 587 961 651 nisi
984 589 1091 652 omniu
1112 607 1235 654 summa
1257 599 1326 657 sunt

195 745 211 793 3
278 703 312 767 in
333 712 468 778 oratore,
488 701 618 788 probari
633 712 821 787 nonpotest.
866 702 938 767 129.
960 701 1043 768 Tum
1059 701 1206 781 Crassus,
1229 692 1343 792 Q

20 780 48 895 ,w
72 828 77 837 '
135 843 160 867 ψ
277 818 359 892 vide,
381 820 490 903 inquit,
511 820 545 883 in
567 817 699 884 artificio
716 837 865 903 perquam
885 821 971 884 tenui
993 798 1024 884 et
1038 819 1102 885 levi
1124 832 1239 906 quanto
1255 823 1325 909 plus

279 935 465 1001 adhibeatur
498 935 696 1019 diligentiae,
729 954 821 1019 quam
853 937 887 1000 in
911 934 973 1001 hac
999 955 1048 1013 re,
1083 956 1176 1023 quum
1204 949 1326 1005 constet

190 1095 199 1115 .
278 1072 352 1118 esse
374 1054 550 1117 maximam.
594 1048 699 1136 Saepe
722 1053 804 1115 enim
827 1050 917 1117 soleo
940 1052 1050 1118 audire
1072 1050 1232 1131 Roscium,
1255 1075 1323 1121 eum

277 1170 323 1235 ita
354 1168 439 1234 dicat
471 1188 507 1234 se
539 1167 640 1232 ailino
673 1168 811 1253 reperire
843 1136 1048 1254 discipulum,
1082 1189 1174 1254 quem
1200 1171 1323 1257 quidem

276 1284 439 1373 probaret,
459 1285 600 1370 potuisse
621 1285 793 1360 neminem3
814 1303 878 1348 non
900 1303 960 1368 qno
982 1304 1047 1350 non
1067 1297 1175 1351 essent
1197 1282 1323 1373 quidum
1363 1287 1368 1292 ’
1438 1306 1440 1311 ·

276 1401 469 1489 probabiles,
492 1401 549 1466 sed
571 1401 654 1486 qnia,
677 1400 705 1464 si
727 1399 848 1485 aliquid
861 1398 953 1465 modo
976 1411 1062 1466 esset
1082 1403 1160 1479 vitii,
1183 1403 1215 1468 id
1237 1403 1321 1470 ferre

276 1521 345 1606 ipse
366 1538 432 1584 non
450 1528 566 1604 posset.
591 1514 689 1583 ,Nihil
711 1526 760 1581 est
781 1517 863 1603 enim
884 1526 948 1582 tam
962 1518 1097 1602 insigne,
1118 1538 1178 1584 nec
1198 1529 1263 1584 tem
1280 1521 1322 1586 ad

275 1636 507 1702 diuturnitatem
528 1636 698 1699 memoriae
721 1632 849 1709 stabile,
873 1652 965 1718 quam
987 1634 1033 1711 id,
1063 1637 1096 1699 in
1117 1655 1177 1720 quo
1200 1629 1321 1721 aliquid

275 1753 454 1822 offenderis.
498 1751 571 1816 136.
599 1748 707 1836 itaque
733 1761 766 1815 ut
793 1750 834 1815 od
860 1749 942 1815 hanc
970 1739 1204 1821 similitudinem
1229 1751 1321 1819 huius

274 1871 438 1937 histrionis
465 1870 636 1939 oratoriam
665 1867 792 1938 landem
820 1866 1011 1951 dirigemus,
1042 1854 1197 1934 videtisne
1228 1880 1320 1955 quum

273 1986 352 2053 nihil
375 1986 415 2052 ab
438 2005 477 2051 eo
498 1987 561 2050 nisi
575 1985 723 2070 perfecte,
745 1984 825 2050 nihil
846 1985 909 2055 nisi
931 2003 1001 2049 cum
1023 2004 1143 2050 summa
1158 1986 1320 2057 venustate

276 2103 343 2181 iat,
372 2101 451 2168 nihil
476 2103 540 2172 nisi
561 2103 621 2179 ita,
647 2112 680 2166 ut
702 2101 813 2173 deceat
841 2103 937 2167 etuti
959 2102 1059 2166 omnis
1081 2111 1319 2190 moventesque
1352 2142 1356 2146 -

220 2372 222 2376 ’
271 2353 397 2407 incusem
412 2348 495 2405 habet
514 2350 550 2407 ed
567 2368 589 2406 c.
603 2352 646 2417 34,
662 2351 817 2419 ditiusque.
843 2367 961 2405 summe
977 2350 1028 2423 Lg.
1041 2353 1066 2407 4.
1093 2367 1209 2405 wmmo
1226 2350 1277 2405 Gn.
1291 2353 1317 2407 3.

273 2434 324 2507 bg.
340 2435 381 2494 13.
394 2434 429 2490 36
441 2451 511 2494 corr.
524 2464 560 2477 -
579 2437 725 2503 actorum]
746 2439 915 2488 citatiorem
933 2435 985 2490 Gu.
999 2437 1023 2490 3.
1055 2443 1211 2489 auctorum
1228 2435 1277 2506 Lg.
1291 2437 1318 2489 6.

272 2520 325 2578 Gu.
350 2522 375 2575 1.
400 2537 460 2578 vec.
486 2518 528 2575 36.
564 2520 635 2573 llinc
661 2520 697 2574 od
722 2537 745 2575 c.
770 2521 820 2585 34,
843 2520 897 2587 Ι157
921 2521 1044 2573 lacunosi
1066 2529 1129 2573 sunt
1155 2519 1205 2591 Lg.
1226 2521 1251 2573 4.
1274 2521 1317 2576 13.

272 2605 325 2661 Gn.
344 2606 369 2665 3,
393 2632 431 2646 --
463 2606 670 2674 requirendus]
693 2622 753 2659 vae.
777 2603 826 2675 Lg.
845 2604 889 2659 36.
914 2605 988 2675 erpl.
1015 2604 1205 2674 inquirendus
1222 2604 1269 2657 itm
1282 2632 1319 2645 --

272 2688 412 2761 quomod
426 2691 499 2757 rem]
517 2690 614 2760 scripsi
631 2690 745 2743 divisim.
776 2689 827 2745 ilic
844 2689 871 2742 in
884 2687 934 2758 Ing,
950 2687 992 2743 36.
1012 2698 1043 2742 et
1052 2687 1087 2742 U.
1107 2688 1200 2756 incipit
1216 2687 1318 2741 lecunu

270 2775 307 2827 od
323 2790 422 2827 vocem
447 2790 533 2842 osque
551 2778 765 2827 exercitatione
785 2791 808 2827 c.
827 2775 876 2838 34,
896 2773 952 2831 157,
971 2802 1007 2814 -
1029 2770 1162 2845 perfeeto
1183 2773 1316 2840 oratore]

270 2860 327 2913 inv.
345 2858 396 2929 Lg.
413 2857 453 2923 15.
471 2886 507 2899 -
526 2859 664 2924 inveniri]
683 2862 810 2930 reperiri
826 2858 896 2911 Vict.
911 2886 947 2898 -
964 2874 1080 2910 summe
1098 2856 1177 2922 ment]
1198 2873 1317 2910 summa

269 2947 331 2996 rint
348 2942 398 3014 ng.
420 2944 460 2997 14.
482 2942 707 3000 16166993.
740 2944 850 3016 potest]
869 2941 929 2995 libri
944 2947 1077 3014 poscunt,
1106 2940 1217 3009 Sequor
1231 2937 1317 2993 Boin

269 3028 482 3093 correctionem,
509 3043 569 3079 cum
592 3042 647 3079 non
667 3027 694 3079 id
718 3028 830 3097 probari
847 3026 968 3092 dicutur,
993 3014 1067 3096 quod
1090 3024 1173 3083 ceteri
1194 3022 1316 3083 artifices
1338 3090 1343 3093 ⁸

268 3122 317 3170 out
334 3121 428 3167 orator
445 3112 538 3180 adepti
555 3119 631 3175 sunt,
652 3110 703 3164 sed
720 3112 773 3181 ipsi
791 3108 913 3164 artifices
935 3119 963 3164 et
980 3119 1083 3164 orator.

358 3196 415 3255 1⁸29.
451 3196 547 3263 video]
569 3194 638 3247 'etde
662 3194 713 3266 [ις.
742 3197 781 3249 14.
806 3195 848 3253 16.
872 3194 915 3253 69.
940 3223 975 3235 ·-
1004 3192 1135 3271 artificio
1153 3194 1314 3270 perquam]

269 3282 399 3353 artifieio
418 3297 509 3354 opera
527 3297 618 3350 qoem
641 3278 692 3333 Gn.
716 3280 779 3334 1.·1.
803 3278 853 3350 Lg.
873 3281 899 3334 3.
918 3278 943 3333 5.
964 3279 1005 3334 14.
1026 3279 1066 3331 15.
1086 3277 1334 3337 16161113.-

268 3368 310 3422 14.
327 3367 369 3422 31.
388 3366 431 3423 35.
449 3365 493 3419 67.
510 3366 560 3421 69.·
575 3363 616 3440 76.
636 3364 679 3419 73.
697 3365 738 3419 76.
755 3363 798 3418 84.
816 3365 858 3422 86.
877 3384 902 3422 α.
918 3371 943 3428 β.
958 3383 985 3432 γ.
1023 3360 1108 3429 artis.
1128 3368 1157 3413 et
1174 3378 1265 3433 opera
1284 3363 1312 3419 d.
1348 3384 1351 3391 ·

267 3451 318 3525 bg.
345 3451 385 3507 17.
409 3451 452 3506 93.
486 3450 584 3521 steph.
608 3449 643 3502 al.
667 3448 764 3517 queed.
785 3449 848 3504 edd.
891 3464 1012 3521 operam
1035 3462 1132 3531 quam(
1150 3444 1200 3515 Lg.
1222 3443 1248 3503 6.
1268 3445 1313 3502 65.

268 3554 294 3593 o.
316 3554 403 3608 qoem
419 3536 462 3590 81.
481 3552 552 3592 corr.
571 3542 600 3588 nt
618 3535 643 3588 3.
661 3564 697 3574 -
718 3533 826 3602 adhuc]
845 3535 887 3588 ad
904 3533 961 3589 leuc
977 3530 1028 3603 bg.
1046 3531 1089 3585 61.
1112 3560 1143 3569 -
1160 3528 1314 3600 probaret]

262 3622 394 3697 probare
418 3621 469 3692 hg.
494 3621 530 3674 16
545 3636 615 3673 corr.
646 3617 776 3691 prodere
793 3623 941 3695 potuisset
963 3617 1006 3671 69.
1025 3615 1068 3670 93.
1090 3643 1126 3654 ·-
1152 3614 1313 3685 potuisset]
1373 3632 1376 3642 ¹

266 3709 398 3781 repetire
412 3708 545 3777 potuisse
565 3703 615 3775 Lg.
632 3704 674 3758 61.
707 3706 861 3781 potuisset
879 3703 895 3755 5
918 3712 946 3756 ot
962 3701 997 3755 16
1014 3716 1084 3754 corr.
1106 3706 1230 3765 uterque.
1266 3713 1314 3750 re-

262 3793 365 3864 perire
384 3805 468 3859 supro
484 3804 537 3842 ser.
553 3791 708 3860 reperiere,
727 3804 779 3842 orn.
796 3790 930 3860 potuisse
947 3786 1018 3841 Vict
1036 3813 1072 3826 -
1088 3799 1149 3835 oon
1166 3782 1235 3852 quo]
1254 3796 1314 3833 non

266 3873 346 3945 qood
369 3872 419 3945 Lg.
438 3871 541 3943 1613.
564 3901 600 3919 κ-
629 3871 722 3941 serre]
745 3888 799 3927 orn.
823 3871 976 3930 (11.1-
1006 3867 1084 3927 nihii
1107 3867 1168 3934 est]
1193 3871 1238 3921 cst
1260 3881 1314 3925 om,

264 3957 317 4029 Lg.
337 3959 377 4012 15.
396 3986 431 3998 -
458 3974 512 4011 uec
529 3958 604 4023 tam]
624 3963 744 4025 temque
762 3956 812 4027 Lg.
831 3956 874 4010 67.

216 4052 222 4059 “
354 4042 411 4097 136.
446 4042 587 4119 perfecte]
601 4040 772 4118 perfeetum
782 4040 833 4111 Lg.
849 4056 943 4095 omnes
957 4057 997 4110 pr.
1011 4040 1037 4095 3.
1050 4038 1092 4094 81.
1105 4035 1147 4091 st.
1161 4035 1204 4096 85.
1224 4033 1315 4090 Penio

264 4137 330 4186 unte
353 4142 405 4198 pro
427 4127 572 4183 videtisne
593 4141 684 4198 quam
707 4124 785 4183 nidi!
806 4125 843 4185 ab
866 4141 901 4181 eo
925 4123 978 4181 Gu.
998 4124 1026 4181 1.
1041 4121 1166 4179 -otdctic
1188 4135 1316 4193 nequam
