2980 4602
95 395 98 400 ,
201 287 353 427 ¹ros
520 348 525 358 ·
662 324 918 393 clansoris
987 287 989 291 ’

266 476 487 572 mederetur,
510 493 595 579 quod
608 492 719 559 Crassi
739 493 840 579 iliam
856 492 892 560 C.
913 493 981 560 idio
1000 513 1058 561 suo
1081 493 1309 582 despondisset,
1406 584 1408 587 v

266 590 450 699 accessisse*
472 612 523 677 ad·
536 609 686 677 Crassum
705 612 897 690 consulendi
919 631 1019 677 causa
1040 613 1195 696 quendam
1216 621 1325 681 rusti-¹

254 749 397 806 eanam3
424 729 477 813 qui
500 748 574 794 cum
596 727 745 794 Crassum
772 729 949 795 seduxisset
976 740 1068 814 atque
1097 730 1139 795 ad
1165 750 1235 797 eum
1259 753 1311 797 re-

259 845 389 912 'tulisset'
398 865 643 932 responsumque
667 846 707 911 ab
730 866 769 912 eo
790 865 897 912 uerum
919 848 1022 930 magis
1042 866 1135 931 quam
1158 848 1199 913 ad
1220 869 1310 914 suam

264 962 332 1028 'rom
364 961 630 1028 accommodatum
661 962 861 1040 abstulisset,
874 962 925 1026 ‘at
955 982 1025 1027 eum
1055 966 1176 1028 tristem
1206 964 1311 1032 Galba

264 1068 351 1157 sidit
365 1082 497 1145 tramine
520 1078 689 1166 appellavit
711 1081 925 1165 quaesiuitque
948 1097 1010 1164 qua
1032 1079 1070 1145 de
1092 1100 1127 1146 re
1150 1082 1191 1146 ad
1213 1079 1309 1148 Cras-

266 1217 335 1265 sum
355 1196 524 1265 retulisset.
566 1192 615 1260 En
636 1216 697 1283 quo
718 1206 751 1263 ut
773 1198 890 1262 audivit
912 1206 1157 1282 commotamque
1179 1208 1211 1264 ut
1231 1199 1309 1264 uidit

265 1315 436 1393 bominem,
463 1311 650 1398 Suspensos
665 1315 777 1398 inquit,
806 1312 909 1380 animo
933 1325 963 1379 et
985 1324 1135 1400 occupato
1158 1313 1309 1381 Crassum

261 1430 324 1498 *tibi
344 1429 546 1516 respondisse
560 1429 671 1508 videos
699 1428 773 1495 246.
796 1430 908 1497 deinde
930 1433 1030 1519 ipsum
1046 1430 1193 1497 Crassum
1214 1452 1309 1498 manu

265 1547 428 1636 prehendit
449 1552 493 1623 et,
505 1586 507 1592 ·
519 1544 605 1611 Heus
626 1557 672 1625 tu,
699 1547 812 1632 inquit,
841 1546 916 1634 qaid
937 1548 994 1613 tibi
1018 1551 1053 1614 in
1073 1558 1205 1614 mentem
1223 1552 1310 1616 venit

266 1663 550 1751 taooesponderer
575 1661 655 1729 Tam
677 1663 732 1729 ille
748 1663 878 1730 tidenter
891 1665 984 1731 bomo
1005 1667 1212 1752 peritissimus
1234 1686 1309 1733 oon-

267 1782 390 1851 brmare
409 1784 465 1847 ita
490 1800 525 1846 se
547 1801 614 1846 rem
634 1780 766 1875 habere,
792 1792 826 1846 ut
845 1783 1074 1868 respondisset,
1099 1803 1159 1869 nec
1185 1783 1309 1849 dubiam

264 1915 340 1966 esse
360 1918 466 1986 posse.
505 1896 611 1962 Galba
629 1909 730 1963 antem
753 1897 896 1964 alludens
918 1901 1006 1997 varie
1028 1910 1059 1964 et
1081 1903 1209 1986 copiose
1230 1898 1307 1965 mul-⁴

265 2027 317 2082 tas
349 2015 568 2081 similitudines
600 2015 711 2080 afferre
746 2015 901 2101 multaque
928 2036 985 2103 pro
1013 2019 1171 2102 aequitate
1201 2026 1309 2084 contra

266 2135 317 2199 ius
344 2132 471 2210 dicere3
503 2141 593 2215 atque
620 2131 722 2210 illurn,
755 2153 824 2198 cum
851 2134 1035 2199 disserendo
1063 2153 1121 2220 par
1147 2124 1219 2199 esse
1245 2154 1308 2200 non
1403 2140 1409 2149 “
1473 2194 1474 2201 ,

265 2230 380 2339 posset
404 2237 598 2335 (quanquam
631 2248 688 2314 luit
719 2246 855 2316 Crassus
889 2253 923 2316 in
953 2270 1081 2316 numero
1114 2229 1306 2328 disertorum,

148 2468 152 2474 ⁴
268 2467 308 2523 tt
321 2467 363 2523 23.
378 2465 412 2520 76
421 2480 491 2519 corr.
504 2466 547 2521 93.
579 2467 724 2521 adsectar.
740 2465 783 2522 16.“
794 2466 836 2522 67.
851 2466 892 2520 a).
908 2465 949 2521 73.
961 2468 1005 2522 86.
1036 2473 1200 2531 sectaretur
1215 2462 1326 2522 Sl.-·'

266 2551 382 2620 Crassi]
403 2550 526 2605 Crassus
543 2550 593 2621 Lg.
608 2550 631 2605 1.
648 2579 684 2593 ·—
702 2546 918 2624 despondisset]
938 2542 1183 2623 despopoadtsset
1198 2551 1247 2622 Lg.
1264 2551 1307 2606 81.

267 2636 319 2691 Gu.
342 2637 369 2691 2.
392 2665 428 2676 --
459 2633 631 2704 accessisse]
658 2636 823 2690 adcesstsse
845 2635 895 2706 Lg.
916 2635 959 2690 67.
983 2637 1023 2690 70.
1044 2664 1080 2674 -
1111 2636 1307 2703 rusticanam]

182 2714 189 2796 J
266 2725 412 2783 sartionem
439 2719 489 2790 Lg.
518 2719 558 2775 15.
583 2719 625 2774 tt.
653 2737 704 2775 om.
727 2720 770 2774 20.
797 2749 828 2759 -
865 2718 1134 2785 accommodatam]
1159 2718 1305 2777 adeomm.

266 2805 316 2876 ις.
329 2805 373 2858 67.
389 2803 488 2867 toas.
502 2803 545 2856 84.
573 2804 744 2859 acroamotl.
764 2803 806 2859 69.
820 2832 857 2845 -
874 2812 908 2858 at
925 2805 1002 2871 eam]
1022 2809 1056 2857 ut
1072 2819 1138 2867 cam
1154 2800 1205 2872 bg.
1216 2801 1262 2857 65.
1275 2835 1305 2844 -

266 2887 427 2954 retulisset]
448 2888 611 2940 rettulisset
629 2887 680 2958 ng.
697 2888 739 2944 73.
763 2887 1006 2961 pertulissetGass
1021 2886 1043 2942 l.
1062 2915 1096 2927 -
1114 2893 1308 2943 commotam·

267 2972 335 3042 que]
355 2975 480 3035 conmot.
501 2970 551 3040 Lg.
571 2971 612 3025 ld.
630 2971 673 3027 69.
693 3003 724 3014 -·
752 2974 891 3042 atos’dtt]
911 2973 1094 3027 nonmultum
1113 2970 1223 3038 absum,
1243 2973 1308 3040 quin

265 3062 299 3112 at
318 3073 354 3109 ex
371 3053 506 3125 prioribus
527 3055 614 3109 literis
632 3057 712 3110 vorbi
735 3058 870 3126 sequentis
889 3067 985 3113 portum
1003 3065 1102 3131 putem.
1137 3055 1228 3109 Paulo
1246 3064 1308 3126 post

174 3150 179 3155 ’
265 3138 529 3198 camiter'conie'cit
551 3156 602 3209 pro
626 3145 745 3194 nomiae
769 3141 891 3206 Bokius3
915 3159 968 3195 nec
991 3142 1061 3194 euim
1084 3150 1179 3195 uotum
1202 3139 1308 3193 Galbae

264 3227 430 3283 matianum
453 3222 536 3277 luisse
558 3241 610 3277 nec
632 3230 750 3279 nomiae
771 3226 925 3298 appellare
948 3226 987 3280 sic
1006 3226 1067 3279 dici.
1085 3253 1121 3267 ν-
1152 3225 1307 3297 occupato]

266 3315 444 3386 occupatura
461 3307 511 3378 bg.
530 3307 548 3359 5
565 3326 637 3365 corr.
656 3310 706 3366 aa:
717 3322 753 3351 -·-
787 3309 928 3365 Crassum
947 3309 1018 3379 ttds]
1044 3311 1099 3364 inv.
1117 3308 1166 3381 Lg.
1185 3308 1219 3362 65
1237 3325 1306 3364 corr.

267 3393 313 3450 Cr.
331 3392 520 3466 respondisse
540 3391 597 3445 titt
615 3392 657 3448 76.
1264 3454 1271 3459 ·

291 3468 295 3475 “
349 3478 409 3533 740.
440 3474 612 3548 prehendit]
625 3478 752 3549 prendit
768 3475 817 3548 Lg.
834 3477 866 3529 15
881 3495 953 3533 corr.
971 3506 1006 3519 -
1024 3482 1056 3532 ia
1072 3482 1201 3530 meatem
1217 3475 1306 3542 vestr]

263 3563 319 3617 inv.
338 3562 389 3632 Lg.
408 3560 449 3615 15.
467 3590 501 3600 -
531 3566 595 3614 tam
614 3561 665 3614 ille
680 3562 807 3631 fidenter
823 3561 923 3632 bomo]
945 3563 986 3616 sic
1009 3562 1088 3616 codd.
1108 3570 1136 3614 et
1151 3562 1226 3632 vulg.
1245 3566 1308 3631 post

262 3646 324 3700 Ald.
342 3645 410 3701 lunt.
448 3650 511 3698 tam
534 3643 583 3698 rtte
610 3643 734 3702 Crassus
752 3646 880 3715 fidenter
903 3646 990 3701 borao
1012 3645 1102 3700 Habn.
1129 3654 1157 3699 et
1178 3653 1242 3700 tum
1263 3643 1311 3699 sta

267 3729 313 3785 Gr.
337 3730 397 3784 rell.
422 3729 465 3783 ed.
486 3728 568 3797 antiq.
590 3728 638 3785 tta
663 3732 744 3784 etiam
767 3748 819 3802 mg.
843 3730 915 3785 Crat.
933 3729 1011 3786 Mau.
1028 3729 1127 3783 Muell.
1147 3726 1182 3788 0.
1203 3760 1234 3769 -
1264 3727 1309 3780 al-

263 3813 379 3887 luderes]
397 3812 543 3867 adludens
560 3813 609 3884 Lg.
623 3813 664 3868 20.
683 3815 724 3868 70.
743 3815 785 3869 73.
803 3814 845 3869 86.
865 3845 896 3855 —
921 3815 1042 3884 afferre]
1059 3812 1181 3884 adferre
1199 3811 1249 3882 Lg.
1264 3811 1308 3864 67.

260 3895 366 3961 7673.
382 3898 426 3952 st.
443 3926 477 3936 -
508 3901 595 3965 atque
614 3897 710 3965 illam]
735 3898 859 3968 dentque
876 3899 961 3953 illam
981 3898 1095 3952 Bakius.
1131 3895 1226 3964 Atque
1244 3911 1309 3947 con-

261 3976 346 4043 uecjtlt
367 3980 562 4047 consequentia
580 3996 645 4035 ,cam
663 3982 815 4051 prioribus,
839 3990 868 4035 ut
888 3970 988 4056 dqttttr.
1006 4012 1043 4024 -
1065 3978 1246 4052 quanquam]
1267 3977 1309 4032 sle

173 4126 176 4130 ,
261 4057 312 4131 bg.
330 4060 380 4127 X.‚
405 4056 518 4130 quornm
535 4070 598 4114 sunt
615 4061 658 4116 69.
677 4064 719 4119 81.
738 4064 780 4119 st.
799 4065 840 4119 93.
863 4068 891 4120 it.
913 4066 964 4122 Gu.
984 4070 1008 4122 l.
1026 4066 1049 4122 2.
1068 4095 1102 4104 -
1127 4061 1225 4128 Mari]
1243 4060 1309 4116 dedi

240 4184 242 4193 .
261 4141 363 4212 exbg.
380 4146 421 4200 16.
436 4140 480 4198 65.Ι
497 4145 538 4200 76.
556 4143 599 4200 86.
617 4146 688 4203 vict.
709 4149 758 4216 qui
774 4146 818 4201 Μ.
836 4148 873 4202 Ρ.
889 4149 974 4207 Muci
990 4153 1020 4220 (i.
1035 4167 1059 4205 a
1076 4165 1107 4200 uu
1120 4163 1145 4201 r.
1160 4142 1255 4214 osser).
1272 4172 1308 4187 -
1353 4180 1355 4184 -
