2968 4596
424 296 482 363 DE
510 293 742 365 ORATORE
770 294 895 364 LIBER
916 297 938 365 1.
962 298 1012 364 12.
1181 303 1239 373 81

180 472 323 534 causam
342 464 501 544 didicerit,
525 466 608 533 dicet
626 467 740 534 melius
762 476 794 534 et
812 468 966 543 ornatius,
989 470 1089 554 quam
1100 466 1155 533 ilio
1170 469 1236 555 ipse

184 589 263 651 eius
288 587 337 650 rei
362 586 504 649 inuentor
530 595 622 671 atquc
653 584 773 651 artifex.
826 586 877 651 52.
909 582 989 650 Nam
1016 587 1044 650 si
1071 588 1142 671 quin
1170 586 1238 661 erit,

185 705 245 788 qui
267 701 327 768 hoc
349 702 435 767 dicat
456 721 529 767 esse
551 702 703 788 quasdam
725 713 883 769 oratorum
899 703 1042 790 proprias
1063 704 1237 768 sententias

185 829 285 905 atque
309 838 425 885 causas
447 829 478 884 et
500 830 653 885 certarum
674 840 777 885 rernm
799 819 977 887 forensibus
998 818 1151 886 cancellis
1173 822 1235 885 cir·

189 938 414 1023 cumscriptam
446 938 628 1003 seientiam:
651 937 784 1003 fatebor
813 937 957 1023 equidem
986 939 1019 1002 in
1047 936 1098 1002 his
1130 939 1234 1021 magio

184 1054 318 1123 assidue
331 1056 455 1120 uersari
470 1053 552 1120 hanc
573 1064 712 1120 nostram
735 1055 912 1131 dictionem,
933 1054 990 1120 sed
1011 1065 1115 1120 tamen
1133 1057 1166 1121 in
1182 1053 1233 1121 iris

181 1174 265 1258 ipsis
286 1171 381 1236 rebus
402 1171 555 1277 permulta
568 1178 662 1250 sunt,
674 1191 755 1258 quac
771 1174 823 1238 isti
839 1173 995 1257 magistri,
1018 1173 1070 1258 qni
1086 1170 1234 1237 rhetorici

28 1312 35 1317 ·
102 1346 106 1351 .
181 1298 351 1366 vocantur,
379 1308 438 1354 nec
461 1289 586 1355 tradunt
605 1310 665 1356 nec
685 1299 800 1355 teuent.
846 1289 898 1354 53.
928 1287 1006 1368 Quis
1028 1290 1112 1355 enim
1133 1290 1233 1354 nescit

185 1408 355 1484 maximam
385 1408 449 1471 uim
481 1409 633 1472 exsistere
665 1409 800 1473 oratoris
831 1409 864 1472 in
891 1406 1049 1472 hominum
1077 1404 1231 1471 mentibus

183 1523 239 1590 vel
262 1523 303 1589 ad
324 1525 404 1588 iram
425 1532 478 1589 aut
500 1523 541 1591 ad
563 1523 668 1591 odium
691 1534 743 1590 ant
765 1523 806 1589 ad
827 1523 968 1590 dolorem
988 1523 1156 1589 incitandis
1177 1521 1230 1589 vei

184 1640 229 1704 ab
251 1639 339 1705 hisce
354 1640 464 1706 iisdem
477 1640 723 1727 permotionibus
739 1640 780 1706 ad
792 1640 951 1706 lenitatem
965 1640 1229 1707 misericordiam-

187 1775 251 1841 que
272 1756 475 1823 reuocandis?
498 1778 596 1845 quae,
619 1759 683 1824 nisi
705 1759 758 1844 qni
778 1767 908 1825 naturas
928 1756 1085 1823 hominum
1105 1758 1228 1841 viroque

271 2010 312 2065 52.
348 2014 509 2080 certarum]
528 2018 693 2068 ceterorum
710 2012 762 2068 Gn.
776 2014 802 2070 2.
822 2013 873 2085 Lg.
889 2014 915 2069 2.
926 2016 951 2068 d.
966 2013 1006 2068 fd.
1018 2013 1057 2068 15.
1069 2011 1111 2067 20.
1139 2013 1228 2081 quart

182 2101 334 2149 certarum
352 2096 376 2150 3.
394 2097 429 2151 26
445 2115 518 2152 corr.
537 2098 579 2152 37.
590 2098 632 2153 67.
643 2097 686 2155 93.
704 2100 743 2152 ito
760 2115 831 2153 corr.
851 2108 880 2153 et
896 2116 958 2169 exp.
972 2098 1015 2154 32.
1042 2103 1225 2151 coeterorum

178 2189 229 2234 ant
246 2186 319 2235 caet.
337 2182 471 2235 nonnulii.
505 2182 656 2249 cancellis]
676 2186 764 2252 qnasi
781 2200 860 2238 canc.
881 2182 978 2238 hamb.
994 2210 1031 2225 -
1064 2186 1097 2236 tn
1114 2180 1172 2247 trs]
1192 2183 1225 2232 itt

179 2261 243 2318 tttte
259 2264 311 2319 Gn.
327 2265 351 2320 l.
372 2296 403 2305 -
424 2264 546 2335 fatebor
560 2267 705 2336 equidem]
725 2265 826 2336 fateor
837 2272 916 2322 enim
933 2267 984 2339 ng.
1001 2267 1040 2322 15.
1058 2294 1094 2306 -
1116 2266 1222 2318 dictio·

177 2350 259 2416 nem]
279 2350 423 2402 ditionem
440 2348 492 2418 Lg.
510 2352 534 2403 d.
555 2351 594 2403 ito
609 2369 680 2405 corr.
699 2351 740 2406 76.
766 2353 912 2406 dictortem
929 2352 982 2407 Gn.
1002 2351 1026 2407 1.
1045 2378 1081 2392 -
1114 2352 1146 2404 tn
1163 2347 1223 2415 ftis]

178 2437 214 2485 in
234 2436 273 2483 tic
287 2431 343 2499 Lg.
360 2431 404 2484 23.
422 2430 466 2484 93.
489 2432 542 2485 Gn.
562 2433 584 2487 1.
617 2433 846 2490 Moom.81.-
882 2439 949 2505 teti]
973 2439 1033 2507 ipsi
1056 2432 1107 2503 Lg.
1127 2446 1223 2484 omues

181 2532 227 2585 pr.
235 2513 328 2567 81.85.
336 2513 386 2579 ai,
405 2515 480 2584 qnod
493 2515 672 2585 praeferrem,
689 2520 742 2573 nisi
752 2520 879 2590 proxime
889 2520 1070 2589 praecederet
1086 2518 1169 2588 speie.
1186 2540 1222 2553 -

177 2617 237 2656 nec
254 2602 368 2668 tenent]
385 2616 478 2670 neque
495 2605 515 2654 t.
534 2599 585 2654 Gn.
601 2600 626 2657 2.

264 2737 307 2791 53.
343 2737 498 2804 cnsistere]
524 2739 650 2791 enfetcrc
671 2738 722 2809 ng.
744 2754 839 2792 omues
858 2753 899 2808 pr.
918 2737 942 2793 3.
962 2739 987 2791 d.
1005 2736 1030 2791 5.
1052 2733 1091 2789 15.
1109 2758 1145 2775 -
1179 2730 1221 2786 ad

175 2824 322 2893 dolorem]
347 2825 388 2877 ad
412 2840 466 2876 om.
488 2822 539 2875 Gu.
558 2820 583 2876 3.
608 2822 659 2893 Lg.
682 2823 823 2893 plerique,
845 2824 880 2877 el.
915 2822 1025 2877 Addunt
1046 2819 1097 2891 Lg.
1115 2818 1157 2873 23.
1175 2817 1218 2873 sl.

140 2910 144 2919 ’
173 2910 265 2964 lfnvn.
286 2909 309 2963 l.
328 2909 352 2963 2.
376 2908 427 2962 Gn.
449 2907 472 2961 1.
490 2907 515 2961 2.
538 2915 566 2960 et
583 2924 651 2960 saue
669 2908 828 2977 imparilitas
845 2908 893 2960 iiie
908 2906 1024 2961 ferenda
1041 2922 1096 2960 nnn
1116 2912 1166 2960 est.
1185 2932 1217 2944 -

175 2994 351 3060 incitandis]
375 2991 544 3045 excitandis
568 2990 619 3063 Lg.
640 2990 681 3045 17.
698 3020 735 3033 υ-
769 2991 859 3060 dirce]
885 2995 956 3046 itone
979 2992 1031 3047 Gn.
1054 2990 1076 3044 l.
1094 2990 1119 3044 2.
1137 2988 1162 3043 3.
1181 3015 1218 3029 ›-

173 3078 294 3146 itsdcm]
317 3078 427 3130 eisdem
449 3075 501 3147 ng.
521 3076 547 3129 2.
584 3076 681 3130 isdem
697 3078 721 3128 4.
749 3075 800 3131 Gn.
820 3076 843 3131 1.
861 3076 886 3131 8.
905 3107 940 3118 -
975 3093 1049 3146 quac
1068 3076 1144 3142 nist]
1169 3073 1217 3125 Sic

172 3180 270 3217 omncs
288 3162 367 3215 codd.
387 3156 596 3227 ἀνακολούθως,
622 3160 745 3213 defendit
760 3159 876 3228 Penre,
899 3162 1015 3215 restituit
1037 3157 1087 3214 Or.
1107 3157 1216 3210 Lumbi·

171 3265 224 3301 nus
247 3247 282 3300 dc
305 3246 457 3300 Passerotii
481 3246 639 3298 coniectura
663 3261 755 3315 qnare
776 3249 851 3310 nist,
882 3246 956 3316 qrrod
980 3262 1034 3299 rec.
1060 3243 1125 3297 Ern.
1150 3239 1219 3298 Scire·

171 3330 271 3385 Mucii.
299 3330 389 3397 „Vide
412 3346 447 3381 en
471 3330 510 3381 ita
534 3328 644 3381 defendi
665 3330 860 3399 possitquae,
884 3340 914 3383 ut
931 3330 1006 3382 dices
1022 3322 1215 3383 ἀνακόλουθον

170 3434 241 3472 esse.
267 3414 418 3469 cumcuim
436 3413 529 3466 dicere
547 3412 633 3466 veliet
646 3412 742 3467 Cicero
761 3431 845 3483 quae,
865 3418 926 3468 nist
944 3417 996 3484 qui
1011 3415 1148 3484 (naturam
1164 3408 1213 3464 hn-

168 3499 282 3566 minum)
298 3501 496 3570 perspexerit,
515 3495 640 3549 dicendo
651 3497 795 3568 perficere
811 3514 869 3551 non
881 3502 1005 3571 poterit,
1026 3506 1090 3568 post
1105 3496 1215 3566 longius

170 3582 379 3643 circumductam
404 3582 557 3634 orationem
580 3581 659 3650 quod
676 3581 752 3635 nolet
775 3600 825 3651 per
846 3583 1052 3637 redundantiam
1075 3580 1211 3651 qnondam

168 3666 303 3719 addidit.“
339 3663 489 3718 Matthiae
506 3667 534 3718 in
552 3664 633 3719 Misc.
652 3665 696 3719 Cr.
715 3664 736 3720 l.
755 3667 813 3721 676.
833 3669 908 3721 cuins
927 3667 959 3720 cf.
978 3683 1073 3721 comm.
1092 3664 1127 3717 de
1145 3681 1209 3717 nnn-

168 3750 223 3803 cofr
244 3751 272 3802 in
294 3748 527 3804 wattincurt.
552 3768 578 3819 p.
596 3750 635 3803 17.
672 3751 774 3805 Fateor
795 3761 885 3805 tamen
907 3742 995 3815 verbo
1015 3751 1063 3803 iiio
1082 3755 1208 3803 naturas

167 3833 367 3888 hominnm—
377 3836 583 3905 reflectuntur,
605 3851 664 3887 cnm
683 3835 741 3888 fere
758 3837 892 3906 integram
908 3835 1031 3889 referant
1046 3835 1208 3887 sententium

166 3920 334 3989 proximam,
351 3918 587 3988 interpretamenti
599 3919 783 3974 maie‘adiecti
794 3920 893 3974 similia
905 3919 1003 3973 videri.
1021 3946 1057 3957 —-
1080 3915 1208 3971 Ceterum

167 4002 396 4071 uenerandisque
421 4020 472 4073 pro
496 4002 692 4056 revocandis?
726 4004 801 4075 qnae
825 4004 877 4059 Gn.
900 4003 925 4058 2.
952 4003 1140 4072 inflectuntur
1162 4001 1205 4054 21.

166 4084 202 4140 dd
218 4103 290 4144 corr.
309 4093 339 4140 ut
354 4085 413 4154 ut,
434 4087 452 4143 i.
473 4104 497 4142 e.
516 4085 682 4154 flectuntur.
