2958 4584
414 286 472 352 ou
499 283 728 354 cannono
755 286 879 356 imon
900 289 938 356 n.
960 294 991 356 e.
1055 268 1059 273 ’
1130 292 1219 366 tea

181 472 246 520 non
268 452 401 536 cognitis
421 451 516 524 nehus
538 450 695 532 omuibus,
721 472 802 540 quae
825 453 865 519 od
886 464 1004 521 tautam
1025 455 1219 543 prudentiam

181 570 382 654 pertinerent,
414 577 591 653 tantamque
624 570 749 636 dicendi
777 574 915 656 copiam,
946 582 1063 661 quanta
1092 571 1219 665 inillis

183 685 248 761 luit,
270 703 332 749 non
350 686 488 768 petuisse
511 683 668 751 confirmo.
711 686 741 751 7.
769 684 838 764 Quo
860 667 954 751 etiam
975 688 1037 753 leci
1058 687 1217 764 libentius,

182 809 214 865 ut
238 819 307 864 eum
333 774 521 876 sermonem,
553 821 645 901 quem
670 801 720 867 illi
746 802 902 887 quondam
931 804 1012 868 inter
1038 822 1073 867 se
1102 804 1140 867 de
1166 801 1218 868 oio

177 915 271 980 rebus
296 913 494 993 habuissent,
524 916 705 982 mandarem
730 917 851 995 literis3
882 917 935 983 vel
960 928 992 982 ut
1018 917 1076 983 illa
1101 919 1217 1003 opinio,

174 1050 256 1116 quae
279 1051 402 1117 semper
422 1032 547 1109 inisset,
572 1033 735 1099 tolleretur
755 1034 887 1104 alterum
911 1053 975 1103 non
995 1033 1215 1108 doctissimum,

172 1146 308 1213 alterum
334 1147 426 1233 plene
452 1148 610 1214 indoctum
635 1149 754 1227 luisse3
780 1150 833 1216 vel
860 1160 974 1227 ntea,
1000 1168 1080 1235 quae
1107 1149 1237 1213 existi·v

171 1278 295 1328 marem
317 1283 337 1329 e
357 1266 485 1331 summis
507 1264 684 1331 oratoribus
711 1266 750 1330 de
772 1265 952 1351 eloquentia
969 1266 1120 1332 divinitus
1141 1281 1214 1328 esse
1303 1286 1313 1296 -

171 1379 273 1456 dicte,
296 1379 613 1462 custodirem-literis,
635 1384 664 1445 si
684 1381 750 1446 ullo
772 1374 864 1446 modo
886 1383 1014 1467 assequi
1035 1378 1215 1466 complecti·

113 1496 118 1502 '
170 1514 234 1580 que
256 1498 448 1581 potuissem
462 1494 525 1560 ‘vel
545 1515 594 1559 me
616 1494 751 1560 Hercule
773 1498 882 1572 etiam,
908 1506 942 1560 ut
960 1497 1085 1562 leudem
1106 1512 1215 1560 eornm

65 1618 69 1627 “
169 1592 240 1676 iam
253 1610 350 1695 prope
373 1618 587 1675 senescentem
603 1618 750 1693 quantum
771 1628 831 1692 ego
852 1629 977 1695 possem
999 1612 1038 1675 ab
1055 1609 1215 1676 oblivione

169 1714 348 1791 hominum
362 1735 460 1810 atque
493 1706 667 1799 asilentic
685 1723 897 1793 uindicarem.
949 1723 980 1789 8.
1010 1723 1090 1789 Nam
1120 1725 1149 1787 si
1176 1741 1216 1786 ex

172 1842 303 1925 scriptis
325 1842 476 1925 cognosci
497 1842 558 1926 ipsi
580 1841 647 1906 suis
666 1833 854 1926 potuissent,
876 1840 978 1904 minue
997 1837 1059 1906 hoc
1080 1838 1217 1904 fortasse

104 2036 111 2045 ³
171 1956 258 2023 mihi
273 1976 345 2022 esse
361 1966 520 2043 putassem
538 1954 761 2033 laborandum
784 1955 841 2021 sed
861 1955 1033 2022 cum-alter
1052 1974 1116 2019 non
1135 1951 1214 2018 mul·

171 2085 247 2149 tum,
269 2073 352 2159 qnod
373 2072 498 2158 quidem
519 2080 666 2148 exstaret,
688 2080 719 2136 ct
739 2071 893 2156 idipsum
914 2071 1111 2147 adolescens,
1133 2068 1214 2133 alten

171 2189 254 2277 nilll
273 2189 438 2255 admodum
458 2190 566 2274 scripti
586 2187 781 2272 reliquissem
802 2163 910 2253 deberi
930 2186 990 2253 hoc
1012 2206 1097 2252 ame
1118 2185 1214 2251 tantis

174 2305 334 2370 hominum
365 2304 502 2388 ingeniis
528 2305 647 2390 putaui,
679 2313 725 2381 ut,
746 2322 849 2419 quom
877 2305 973 2369 etiam
997 2305 1084 2399 ‘nunc
1108 2302 1214 2365 vivam

158 2499 271 2589 'vetuo
290 2534 341 2606 ng.
359 2536 384 2589 a.
403 2514 427 2590 el
446 2534 488 2590 m.
510 2536 543 2590 se
560 2552 629 2589 corr.
649 2544 678 2588 n
694 2537 719 2590 o.
737 2534 780 2589 oe.
799 2534 841 2588 te.
858 2560 894 2574 -
921 2530 1000 2584 vetut
1016 2529 1058 2583 uo.
1079 2527 1120 2580 7³.
1140 2524 1212 2600 vtes.

155 2619 225 2672 'vel
241 2623 288 2672 uti
302 2620 327 2673 6.
347 2646 383 2660 —-
406 2619 510 2690 platee]
528 2636 581 2671 om.
598 2618 641 2672 67.
658 2618 720 2672 add.
739 2610 818 2671 same.
833 2644 870 2657 -
899 2614 946 2666 uel
960 2613 1009 2679 ut]
1033 2610 1123 2677 ueluti
1141 2623 1211 2661 corr.
1259 2625 1268 2644 ⁸

177 2702 224 2758 cel
237 2706 285 2756 uti
305 2701 416 2772 1420.
448 2701 527 2755 velut
549 2701 599 2772 Lg.
618 2702 660 2756 65.
680 2703 721 2755 70.
741 2701 782 2754 73.
800 2698 843 2753 86.
865 2725 901 2739 -
930 2692 1066 2764 assequi]
1090 2690 1213 2760 adsequi

58 2778 64 2785 ’
86 2852 89 2858 ,
176 2787 227 2857 Lg.
243 2787 285 2840 67.
304 2786 345 2840 76,
365 2780 406 2840 73.
425 2813 472 2853 -q
489 2787 662 2858 complecti]
688 2784 833 2856 conplecti
854 2781 904 2851 Ing.
924 2766 965 2835 14.
983 2778 1024 2832 81.
1042 2805 1078 2818 —-
1108 2773 1211 2851 etiem]

176 2888 229 2924 om.
251 2869 301 2940 Lg.
319 2868 362 2924 nl.
381 2869 476 2923 Lemb.
494 2898 531 2909 -
553 2870 603 2936 ut]
630 2886 682 2922 om.
701 2869 725 2923 6.
743 2870 777 2922 ll
795 2867 857 2921 odd.
875 2865 916 2919 76.
934 2891 970 2904 -
989 2859 1120 2935 possem]
1142 2875 1211 2930 pos·-

83 2950 86 2955 ’
176 2971 242 3009 sum
259 2953 308 3024 ng.
326 2953 352 3006 6.
374 2981 410 2995 ν-
440 2954 539 3021 etque]
558 2959 587 3005 et
605 2951 656 3022 ng.
676 2951 717 3008 76.
739 2980 775 2994 ν-
805 2968 825 3003 α
842 2949 970 3016 silentio]
990 2964 1010 3015 ᾳ
1029 2961 1080 2998 onn
1098 2942 1149 3014 ng.
1169 2942 1211 2995 76.

176 3036 293 3091 fortasse
316 3044 398 3118 recte.
422 3066 453 3076 —
485 3035 680 3103 vindicarem]
703 3034 814 3090 cendio.
833 3030 972 3104 Lg.·v111.
998 3026 1211 3083 (dolositate

175 3121 286 3258 ¹¹¹0ssng
322 3203 395 3270 suis]
417 3199 814 3272 etmtehg.proeter6.17.
832 3199 874 3253 35.
893 3198 935 3252 76.
952 3198 994 3252 st.
1012 3195 1055 3249 84.
1073 3212 1125 3247 om.
1149 3194 1212 3245 ente

175 3288 271 3344 ³54-
299 3286 354 3340 ltoc
374 3285 518 3355 sortasse]
542 3287 598 3340 inv.
620 3286 688 3339 Vict.
707 3315 742 3324 -
773 3281 979 3347 laborandum]
1001 3273 1247 3347 elaborandum..

74 3376 81 3389 ⁰
175 3373 225 3444 Lg.
237 3372 276 3426 15.
285 3373 328 3426 20.
335 3371 377 3425 67.
394 3387 450 3423 non
462 3371 550 3423 mlnus
562 3377 647 3439 reete,
664 3376 705 3423 est
717 3367 789 3422 enim
803 3367 967 3431 daneuqzdor
978 3358 1058 3428 εἶναι,
1076 3376 1135 3413 cum
1146 3356 1212 3409 alte-

176 3454 236 3508 num
252 3454 387 3526 significet
402 3457 536 3524 μελητέον
553 3449 631 3507 εἶναι.
649 3479 685 3495 —
707 3449 764 3503 loo.
781 3447 945 3521 putassem]
967 3447 1022 3499 inv.
1039 3443 1090 3514 Lg.
1112 3441 1151 3493 14.
1169 3439 1212 3493 73.

176 3539 217 3593 35.
237 3538 280 3593 69.
298 3538 340 3593 63.
364 3543 505 3610 putarem
522 3537 557 3590 86
570 3552 640 3588 corr.
657 3562 693 3575 -
709 3532 838 3602 quidem]
856 3531 991 3599 equidem
1009 3528 1059 3597 Lg.
1078 3526 1103 3579 6.
1122 3525 1163 3578 ll,
1177 3550 1213 3564 -

175 3621 268 3690 otttt]
286 3622 403 3692 aliquid
419 3621 470 3692 Lg.
487 3621 530 3675 67.
546 3646 583 3662 ·-
607 3619 706 3686 quem]
724 3616 794 3669 haec
810 3616 946 3684 scriptura
963 3613 1008 3665 hic
1024 3617 1087 3680 post
1103 3609 1213 3675 longum

175 3705 349 3761 intervallum
372 3705 492 3776 emergit.
526 3703 573 3756 Sic
595 3700 697 3754 nabent
719 3699 812 3770 Lg.3.
834 3697 873 3754 14.
904 3696 1010 3755 Eodem
1031 3699 1138 3764 spectat
1156 3703 1213 3759 qtto
1327 3688 1344 3746 “.

175 3790 204 3845 in
223 3788 277 3858 Lg.
300 3790 325 3843 5.
349 3790 374 3845 6.
397 3789 499 3843 16:17.
524 3786 567 3840 20.
592 3783 634 3838 21.
658 3782 700 3838 tt.
723 3784 765 3837 65.
789 3781 831 3838 69.
851 3781 892 3835 76.
917 3780 950 3833 73
965 3795 1037 3832 corr.
1063 3783 1092 3830 ut
1109 3772 1152 3826 23.
1170 3771 1212 3830 76.

161 3871 206 3925 ,81
226 3889 297 3927 corr.
320 3871 362 3926 86.
396 3872 448 3925 Gn.
475 3871 497 3924 1.
521 3872 546 3927 3.
561 3919 565 3925 ,
582 3867 729 3938 quomodo
749 3865 790 3919 23.
812 3864 854 3918 93.
889 3857 1136 3935 quemadmodum
1156 3858 1214 3923 qnid

173 3955 208 4011 15
226 3972 297 4010 corn.
320 3963 349 4009 nt
365 3955 390 4011 3.
408 3983 444 3993 -
473 3952 648 4018 teneremus]
666 3957 796 4004 deotemus
814 3948 862 4025 bg.
881 3947 924 4003 65.
941 3974 977 3990 -·-
1003 3934 1212 4007 immortalem]

176 4030 435 4096 immortalitatem
453 4054 474 4091 s.
494 4035 642 4093 inmortul.
659 4034 711 4104 Lg.
729 4035 771 4119 34.
786 4032 829 4086 oo.
922 4032 924 4035 ’
