2938 4590
279 309 368 397 oto
623 300 645 389 l
674 312 932 387 annuamus

278 505 416 579 persona
441 486 517 553 milri
544 487 656 553 ardore
686 488 770 554 oculi
796 488 930 557 hominis
955 488 1129 558 histrionis
1143 492 1324 561 viderentur

246 599 253 613 ⁴
276 614 298 689 †
319 606 486 694 spondalia
505 600 566 669 illa
586 604 739 670 dicentis:

277 751 445 832 Seprepore
472 750 526 812 als
555 758 583 813 te
604 765 702 812 casas
728 757 785 812 ant
812 751 879 813 sino
904 751 959 814 illo
984 748 1149 835 Salamiua
1171 754 1319 836 clareat?

275 853 380 935 Ncqac
397 859 568 932 paternam
589 859 799 930 aspectantes
820 851 966 915 nemias?

273 992 439 1079 Nunquam
459 990 548 1055 illum
570 1000 728 1071 aspectam
748 989 882 1067 dicebat,
905 993 980 1075 quin
999 990 1074 1057 milti
1097 991 1230 1060 Telamo
1251 997 1318 1060 ira-

273 1122 323 1178 tus
344 1096 448 1198 insere
469 1107 554 1173 lactu
575 1105 633 1171 nlii
652 1104 818 1170 videretur.
854 1105 897 1171 At
918 1108 1000 1173 idem
1019 1107 1137 1175 inflexa
1158 1110 1199 1175 ad
1220 1110 1316 1177 mise-

271 1227 405 1295 rabilem
427 1245 536 1290 sonum
556 1243 651 1290 voce:

270 1453 334 1506 exp.
348 1433 390 1489 31.
417 1437 515 1486 cornis
532 1430 625 1489 (11.3.
643 1429 693 1484 sed
710 1432 738 1484 io
754 1429 874 1484 secunda
890 1447 985 1485 manus
1001 1432 1029 1486 in
1042 1448 1137 1486 rasura
1150 1435 1265 1506 scripsit.
1276 1465 1313 1483 ..-

270 1518 371 1590 sccaa]
391 1534 501 1573 scaena
518 1515 567 1588 Lg.
582 1515 625 1571 65.
637 1515 680 1571 et.
700 1518 729 1569 ni
745 1532 855 1585 semper
869 1515 959 1569 solent
975 1517 1058 1588 aliqui
1077 1517 1147 1573 libri.
1179 1519 1313 1592 Quamvis

269 1615 361 1660 aetate
378 1612 511 1673 argentea
533 1603 572 1655 ita
587 1602 721 1675 scriptum=
735 1601 819 1653 fuisse
838 1602 966 1654 evincant
984 1601 1106 1661 Faermns
1123 1606 1158 1658 ad
1176 1607 1245 1676 prol,
1264 1609 1312 1664 alr,

269 1692 397 1762 Hecyrae
415 1686 597 1741 Terentianae
615 1702 641 1739 v.
661 1685 687 1738 8.
706 1694 734 1738 et
749 1683 876 1738 Norlsius
896 1686 923 1738 in
942 1685 1011 1740 orth.
1029 1686 1122 1744 Pisan.
1142 1708 1170 1760 p.
1187 1691 1263 1758 279„
1283 1703 1312 1749 et

268 1777 330 1831 lons
350 1777 408 1828 eins
425 1773 578 1842 scripturae
596 1770 685 1825 Varro
703 1770 810 1823 ostendi
829 1778 919 1840 potest
936 1769 969 1826 L.
988 1769 1020 1825 L.
1035 1770 1095 1830 Vll.
1108 1773 1167 1841 aa,
1189 1793 1245 1831 non
1262 1778 1310 1832 im.

266 1869 347 1933 petro
362 1869 453 1913 tamen
470 1875 487 1909 a
501 1874 553 1921 mc,
572 1864 601 1908 ut
618 1854 825 1924 superstitiones
836 1854 973 1907 Wuadeni
990 1856 1026 1908 ad
1036 1855 1213 1913 Plancianum
1227 1880 1254 1932 p.
1264 1863 1307 1920 13,

266 1961 385 2014 sequens
412 1950 509 1999 contra
535 1939 710 1992 clarissimam
726 1938 848 2009 ,originis
871 1937 997 1992 Graecae
1025 1938 1108 1995 iidem
1136 1944 1171 1997 ab
1194 1947 1309 2002 eruditis

265 2030 349 2098 vulgo
367 2028 407 2079 sic
424 2025 552 2094 scriptum
572 2039 633 2076 esse
649 2029 747 2092 putem.
774 2023 869 2079 Fuerit
885 2022 947 2090 lnoc,
966 2034 995 2080 ut
1012 2043 1115 2083 caesas
1133 2035 1160 2080 et
1175 2029 1306 2097 dialecto,

265 2111 412 2181 aliquando
435 2109 462 2162 in
482 2108 587 2163 deliciis
607 2107 812 2171 nonnullornm;
837 2107 911 2177 apud
928 2125 1022 2163 omnes
1041 2120 1181 2181 receptum
1200 2132 1261 2169 esso
1279 2127 1307 2171 et

263 2198 396 2251 mansisse
415 2210 471 2246 non
489 2191 581 2246 credo.
598 2219 634 2231 -
658 2190 796 2262 fabulae]
811 2190 917 2261 fabula
939 2193 989 2265 ng.
1009 2196 1035 2247 4.
1053 2193 1079 2250 o.
1097 2225 1134 2236 -
1161 2199 1239 2263 nidi,
1259 2201 1306 2276 at]

263 2282 402 2352 vulgatum
420 2278 483 2332 nidi
501 2294 568 2334 cam
585 2277 668 2347 longe
685 2276 790 2330 lectiori
810 2276 944 2331 adverbio
962 2277 1061 2333 cedere
1078 2281 1143 2342 iussi
1159 2285 1306 2340 secundum

262 2366 312 2438 Lg.
331 2365 356 2422 1.
376 2364 401 2422 3.
421 2363 462 2417 31.
482 2361 525 2417 36.
546 2361 598 2417 Gn.
615 2361 640 2415 3.
669 2364 732 2416 iad.
765 2361 844 2415 Duos
861 2379 958 2419 versus
976 2380 993 2415 a
1012 2364 1085 2433 quid
1097 2373 1200 2437 potest
1217 2386 1304 2439 usque

261 2453 297 2506 ad
314 2450 379 2505 oldl
396 2467 449 2506 om.
470 2447 521 2502 Gn.
535 2447 560 2502 3.
574 2476 610 2489 ·-
626 2445 754 2500 dominis
772 2445 940 2516 histrionis]
958 2448 1014 2502 inv.
1031 2448 1081 2520 ng.
1096 2452 1121 2507 4.
1149 2450 1304 2509 histriam

261 2537 405 2593 delendum
423 2532 555 2604 putabant
571 2531 748 2605 Boettigerus
771 2532 798 2585 in
817 2532 976 2602 prolusione
993 2533 1026 2585 de
1044 2537 1171 2603 personis
1189 2540 1304 2594 scenicis

260 2631 288 2676 ct
313 2619 442 2675 (lsnnnus
465 2617 492 2673 in
509 2615 608 2671 Woliii
631 2616 719 2671 Anall.
741 2616 806 2671 Litt.
825 2615 857 2670 11.
883 2634 909 2686 p,
928 2615 987 2670 531.
1003 2644 1039 2657 —-
1066 2620 1238 2694 mandalia]
1263 2624 1304 2678 s'lc

134 2719 142 2726 ·
258 2706 385 2777 plerique
402 2703 492 2769 codd,
510 2711 538 2755 et
553 2702 637 2772 vulgo
653 2701 715 2756 edd.
735 2712 797 2773 post
809 2701 915 2759 Aldum.
952 2703 1094 2777 wandali
1110 2720 1131 2758 s.
1150 2708 1304 2778 spondalli

258 2790 320 2843 Pal.
336 2790 359 2843 l.
372 2789 397 2843 1.
419 2788 468 2859 Lg.
487 2786 527 2843 13.
542 2786 584 2841 31.
601 2785 714 2841 Memm.
732 2785 806 2841 Pltln.
825 2787 855 2841 Z.
869 2789 895 2842 d.
915 2786 967 2842 Gu.
981 2787 1005 2841 3.
1035 2788 1206 2860 spondialia
1219 2793 1301 2849 codd.

258 2873 354 2928 Lannb.
372 2871 449 2926 Med.
465 2873 489 2927 l.
507 2872 578 2926 Ven.
596 2871 669 2925 Lott.
689 2869 784 2927 Lamb.
804 2871 885 2936 Sch.;
903 2872 1082 2947 spondallaa
1099 2872 1196 2928 icon-r.
1216 2885 1245 2929 nt
1259 2877 1300 2933 13.
1321 2890 1324 2893 ·

167 2999 169 3002 ,
258 2958 415 3030 spondalis
432 2959 449 3009 4
466 2975 536 3012 corr.
555 2956 700 3030 spondall.
735 2974 787 3028 op.
802 2999 808 3011 .
825 2998 831 3011 .
851 2974 921 3013 corr.
953 2957 1118 3029 spondaico
1135 2958 1177 3014 14.
1211 2977 1300 3033 spon-

257 3043 380 3096 dallitla
402 3041 445 3096 ao.
475 3042 521 3095 De
544 3040 707 3095 coniecturis
724 3040 782 3095 VV.
800 3041 864 3096 Dl).
888 3060 915 3097 v.
939 3042 1145 3112 explicationes.
1166 3073 1200 3083 -
1233 3046 1299 3118 alp]

255 3129 316 3182 allo
334 3126 385 3198 Lg.
399 3125 441 3182 13.
459 3125 493 3182 31
505 3142 576 3182 corr.
591 3124 634 3181 36.
654 3124 743 3180 (1113.
764 3158 795 3167 -
818 3124 991 3197 Salamina]
1010 3126 1192 3181 salaminam
1208 3127 1259 3200 Lg.
1272 3133 1298 3188 4.

256 3214 406 3268 solamina
423 3211 457 3264 31
472 3227 541 3265 corr.
564 3209 616 3264 Ga.
629 3209 654 3265 3.
683 3210 830 3267 salamine
842 3211 884 3269 84.
898 3242 933 3251 --
951 3211 1118 3282 aspectam]
1135 3211 1186 3283 Lg.
1204 3231 1298 3269 omnes

254 3307 365 3369 praeter
382 3296 407 3353 3.
426 3298 451 3350 4.
468 3294 493 3349 5.
513 3294 554 3361 a,
580 3295 644 3353 item
660 3295 732 3349 Vict.
754 3295 805 3355 (in.
820 3295 921 3355 1.1.3,
941 3304 969 3349 et
985 3297 1025 3349 sic
1040 3297 1130 3350 statim
1140 3298 1244 3367 cidem.
1261 3325 1297 3339 »-

254 3380 386 3451 dicebat]
404 3378 539 3435 videbam
556 3380 606 3450 Lg.
620 3380 646 3434 3.
660 3379 778 3435 1411111.
795 3381 834 3437 ita
851 3398 922 3434 corr.
937 3380 980 3435 31.
992 3409 1028 3421 -
1050 3379 1183 3453 Telamo]
1199 3382 1296 3452 scripsi

252 3483 288 3520 ex
303 3466 353 3536 Lg.
368 3465 483 3519 3111111.
516 3463 677 3521 Thelamoa
695 3465 779 3533 (qnod
798 3474 840 3518 est
857 3466 885 3518 in
902 3465 927 3523 1.
942 3464 984 3519 10.
1001 3463 1043 3518 13.
1055 3464 1098 3521 67.
1115 3465 1156 3521 69,
1171 3466 1235 3535 81).
1251 3466 1295 3523 84.

252 3549 357 3614 (11131
377 3558 404 3602 et
423 3548 528 3603 formae
544 3549 609 3602 illae
626 3549 791 3603 creberrime
808 3557 916 3605 exstant
932 3550 959 3605 in
973 3549 1050 3603 libris
1064 3550 1171 3619 optimis
1189 3549 1224 3604 ab
1240 3551 1296 3604 edi·

251 3634 357 3690 toribus
373 3634 524 3705 neglectae.
557 3632 629 3688 Solo
647 3635 746 3706 legitur
761 3634 814 3704 Rp.
829 3632 861 3686 ll.
876 3634 900 3688 l.
919 3650 949 3703 p.'
962 3633 1012 3689 lito
1024 3632 1080 3688 Mn.
1110 3634 1295 3706 Apamemno

250 3719 396 3790 legitimam
412 3717 483 3771 hanc
506 3719 580 3789 apud
596 3718 757 3773 Ciceronem
773 3720 935 3789 scripturam
955 3717 1046 3778 habet.
1084 3716 1118 3771 Io
1136 3727 1212 3772 recte
1234 3736 1295 3772 cor·

250 3805 324 3857 rexit
342 3803 471 3873 Sigonius
488 3802 550 3858 mv.
568 3803 654 3860 XLV.
673 3804 704 3869 3,
721 3803 746 3858 9.
766 3804 889 3874 imperite
907 3803 1114 3858 adversantibus
1131 3802 1247 3857 Duke'ro
1260 3812 1295 3858 ‘et

249 3886 479 3942 Drakenborchio
492 3887 510 3941 l.
524 3905 546 3941 c.
566 3896 594 3940 et
606 3887 642 3938 ad
654 3885 782 3942 XXXIV.
795 3887 838 3954 61,
851 3888 891 3942 lo.
909 3888 943 3947 cl.
958 3888 994 3941 ad
1007 3889 1071 3958 epit.
1083 3886 1143 3943 LV.
1171 3885 1293 3958 sompno

248 3971 348 4039 legitur
365 3968 451 4027 XLV.
469 3970 519 4035 19,
537 3971 562 4023 7.
598 3968 688 4038 Myro
707 3969 762 4024 Cic.
782 3971 817 4023 dc
835 3969 885 4025 Or.
902 3971 948 4026 lll.
968 3973 994 4038 7,
1011 3971 1053 4028 13.
1090 3971 1135 4025 De
1152 3970 1292 4026 Platonis

248 4052 357 4108 nomine
376 4069 413 4105 ne
431 4053 528 4105 attinet
552 4052 659 4121 quidem
676 4052 778 4106 dicere.
813 4048 891 4107 Hanc
910 4055 1024 4110 lamnam
1043 4055 1182 4110 Ciceronis
1199 4062 1291 4110 aetate

247 4135 334 4191 solam
352 4137 477 4192 usitatam
494 4134 578 4191 inisse
595 4143 731 4192 testantur
742 4135 901 4194 Priscianus
918 4157 945 4209 p.
956 4139 1017 4196 aaa.
1046 4140 1128 4195 Zeno
1145 4140 1172 4195 cl
1189 4139 1290 4197 dictum
1316 4182 1322 4189 .
