2958 4584
379 321 441 394 ou
468 278 698 406 onnnonn
720 321 852 394 nmen
873 325 910 393 n.
933 328 984 393 en.
1118 328 1239 403 ene·
1276 286 1285 298 ⁴
1355 323 1359 330 ’

165 491 238 558 136.
265 489 368 577 Atque
393 489 475 557 haec
501 491 633 558 forsitan
660 492 870 560 domininon
891 494 1010 573 omniu,
1037 503 1120 582 quee'
1137 504 1213 564 e'unt

166 611 200 674 in
214 619 326 674 nature
341 628 453 686 rerum,
476 609 623 675 celeriter
644 612 749 676 animo
766 610 1038 698 comprehendenti
1058 614 1212 700 permulto

163 727 341 804 uideantur,
369 745 449 812 qnae
470 728 598 792 veniant
619 728 653 792 in
671 712 822 793 iudicium
842 722 921 807 tum,
948 749 1042 815 quom
1064 731 1103 798 de
1123 731 1210 799 secte

164 853 352 929 quaerentum
382 843 439 909 sed
463 826 569 908 tumen
594 845 757 910 criminum
782 844 946 916 multitude
974 857 1036 926 eet,
1063 867 1128 915 non
1153 847 1210 914 de·

163 960 340 1055 fensionum
362 969 415 1025 aut
435 960 577 1026 locorum
598 959 727 1027 infinite.

248 1074 385 1143 XXXII.
424 1076 495 1143 137.
531 1060 620 1156 Quae
646 1098 737 1156 vero,
771 1098 841 1144 curn
873 1079 911 1144 de
938 1080 1023 1146 fecto
1050 1100 1117 1147 non
1143 1099 1209 1146 em·
1301 1144 1303 1153 ,

161 1194 294 1291 digitur,
322 1176 511 1279 quaeruntur
537 1193 647 1279 qualia
674 1196 749 1272 siut,
776 1214 817 1260 ee
843 1197 872 1261 si
899 1214 939 1261 ex
963 1201 1028 1263 reis
1053 1216 1210 1275 numeres,

161 1322 192 1377 ct
221 1309 465 1385 innumerabilia
491 1320 561 1376 sunt
587 1321 617 1376 et
639 1309 788 1388 obscum,
816 1313 845 1376 si
867 1331 906 1377 ex
927 1312 1036 1392 rebus,
1062 1313 1157 1379 vnlde
1180 1322 1211 1380 et

160 1428 290 1494 modica
320 1437 351 1493 et
381 1426 527 1492 illustria„
579 1425 660 1492 Nam
691 1429 720 1492 oi
747 1425 890 1493 Mancini
921 1449 1051 1496 caucum
1082 1432 1117 1495 in
1145 1448 1209 1497 uno

126 1534 129 1541 ’
160 1536 315 1612 Mancino
331 1545 484 1631 ponimus,
506 1544 772 1629 quotienscunque
794 1545 833 1621 ie,
855 1562 945 1629 quern
965 1556 1055 1631 peter
1069 1556 1209 1632 petrutuu

160 1661 328 1737 dediderit,
349 1669 493 1747 receqtus
514 1680 579 1726 non
600 1661 668 1737 erit,
693 1663 808 1725 totiens
830 1674 929 1725 censa
948 1674 1033 1726 noue
1052 1658 1208 1728 narcetem·

160 1777 225 1844 Sin
251 1777 309 1843 illa
335 1779 550 1843 controversia
577 1796 706 1843 cansam
733 1750 815 1849 iecit
834 1776 1088 1854 rideatmneflei
1118 1796 1210 1862 quem

157 1905 252 1982 peter
275 1904 415 1982 patratus
443 1894 615 1972 dediderit,
650 1897 679 1960 si
710 1896 756 1960 isf
771 1913 835 1959 non
862 1895 903 1959 sit
918 1898 1093 1995 receptus,
1123 1903 1209 1981 poet-

160 2111 186 2167 3.
201 2110 245 2165 33.
264 2109 316 2165 Gn.
330 2109 366 2176 3.,
382 2109 434 2164 sed
448 2117 604 2180 suspectum
619 2119 735 2181 propter
746 2126 866 2179 sequeno
879 2127 962 2180 quae.
975 2138 1012 2152 ·-
1028 2109 1206 2178 communie]

161 2197 259 2265 scripsi
275 2204 385 2248 secutus
401 2193 452 2263 Lq.
469 2193 487 2245 3
505 2211 576 2247 corr.
597 2193 636 2248 13.
656 2194 775 2261 diqcorr.
796 2195 848 2249 Gn.
865 2193 890 2248 3.
910 2196 973 2248 item
991 2198 1145 2249 communie
1162 2194 1205 2250 31.

158 2284 296 2335 coenunie
312 2277 353 2332 36.
390 2280 592 2330 communium
608 2278 633 2330 1.
983 2310 992 2335 t
1080 2324 1082 2330 .

252 2362 309 2415 136.
345 2361 481 2414 celeriter
498 2361 611 2427 animo]
637 2360 693 2414 inv.
714 2359 766 2430 Lg.
785 2360 810 2414 1.
834 2377 887 2414 om.
912 2360 982 2413 haec
1004 2359 1039 2412 nd
1056 2357 1228 2432 permedia.

162 2449 204 2504 15.
219 2473 254 2487 —-
283 2444 451 2509 uideantur]
473 2443 610 2495 videntur
632 2443 685 2496 Gn.
701 2443 727 2496 3.
745 2473 782 2482 -
806 2443 908 2511 quom]
934 2443 1030 2512 scripsi
1048 2451 1207 2512 propterea,

161 2531 239 2602 qnod
260 2527 310 2599 Lg.
329 2528 354 2581 3.
372 2529 397 2580 1.
417 2527 441 2580 5.
468 2525 508 2579 13.
530 2525 630 2578 11-16.
649 2525 688 2579 17.
710 2525 753 2579 36.
771 2525 814 2579 31.
838 2525 881 2579 33.
899 2525 934 2578 35
951 2542 1021 2579 corr.
1039 2524 1082 2578 36.
1101 2524 1205 2580 61176.

160 2616 210 2673 73.,
223 2613 257 2667 93
274 2627 343 2665 corr.
369 2611 420 2664 Gn.
439 2609 464 2665 3.
487 2609 608 2662 referunt
625 2610 719 2678 quod,
737 2617 826 2661 ortum
844 2624 879 2662 ex
898 2614 971 2679 qnid,
990 2618 1019 2662 ut
1036 2601 1167 2678 imperet,
1182 2608 1208 2662 ni

160 2701 187 2755 3.
205 2694 246 2753 13.
264 2696 306 2751 33.
328 2696 380 2748 Gn.
395 2695 420 2749 3.
441 2694 530 2747 stetim
546 2709 602 2747 non
620 2694 666 2756 de,
683 2693 734 2746 sed
750 2710 768 2744 e
787 2691 917 2747 exhibere
934 2692 1161 2746 consideraveris.
1172 2719 1220 2731 --

104 2784 106 2789 “
161 2783 274 2849 tarmen]
297 2797 349 2834 orm
373 2778 424 2848 Lg.
448 2777 480 2831 81
502 2777 564 2831 edd.
587 2804 623 2818 -
654 2780 813 2831 eriminum
835 2777 996 2830 multitudo
1019 2776 1081 2842 eet]
1104 2776 1145 2828 sic
1166 2774 1208 2828 ino

160 2858 294 2923 vertimus
316 2864 457 2934 (vulgetur
480 2878 520 2916 cr.
551 2867 596 2913 eoi
621 2860 795 2927 multitudo)
822 2861 971 2914 seeundum
1000 2858 1050 2930 ng.
1075 2857 1101 2912 3.
1125 2857 1153 2911 3.
1177 2859 1205 2914 1.

160 2952 203 3006 33.
220 2950 263 3004 36
289 2949 340 3002 Gn.
357 2946 382 3000 3.
419 2953 465 2999 est
488 2962 539 2998 om.
565 2943 677 2998 13611.
703 2953 731 2998 nt
753 2944 778 2999 3.
797 2946 833 2985 -’
862 2943 1079 3014 defensionum]
1103 2941 1206 3012 defen·

161 3051 263 3088 eorum
278 3032 327 3101 Lg.
346 3030 372 3084 3.
392 3028 485 3101 13.,33
504 3044 573 3081 corr.
600 3026 651 3082 Gn.
669 3027 696 3080 3.

247 3113 363 3172 XXXII.
401 3112 458 3166 137.
495 3112 597 3182 qualia
615 3113 692 3179 rint]
717 3128 743 3181 q.
763 3117 832 3165 eunt
851 3110 903 3182 Lg.
925 3109 1011 3165 136.
1032 3109 1074 3165 70.
1109 3108 1207 3180 quadie
1319 3102 1323 3105 ’

162 3201 213 3257 Gu.
233 3200 258 3254 3.
279 3229 314 3239 -
344 3215 382 3249 eu
403 3197 475 3263 reio}
499 3213 537 3248 ec
560 3198 604 3248 eie
632 3194 684 3265 Lg.
708 3194 750 3248 33.
774 3194 809 3248 33
827 3212 897 3248 corr.
927 3190 979 3251 Gn.
997 3193 1023 3248 3.
1042 3221 1078 3233 -
1107 3198 1137 3245 et
1160 3195 1207 3245 in·

162 3275 370 3348 numerabiliu]
389 3286 419 3332 et
436 3297 488 3332 om.
506 3277 558 3348 Lg.
571 3279 594 3331 1.
614 3307 648 3316 -
667 3278 807 3345 illustria]
826 3277 966 3331 inlustria
983 3276 1033 3347 Lg.
1049 3275 1091 3330 65.
1105 3275 1146 3329 711.
1163 3273 1205 3330 73.

119 3432 124 3441 1
160 3369 250 3423 86-
267 3364 524 3437 quotienscunque]
545 3365 678 3431 quotiens
695 3361 745 3432 Lg.
760 3361 785 3413 3.
804 3360 870 3413 iilud
888 3360 946 3427 (vei
963 3377 1014 3429 per
1032 3377 1048 3411 c
1064 3358 1206 3429 scriptum)

163 3452 214 3522 ng.
228 3452 268 3505 11.
284 3450 324 3504 15.
340 3448 379 3502 16.
396 3447 436 3501 17.
454 3446 496 3500 36.
508 3446 551 3499 31.
565 3444 608 3500 33.
627 3444 669 3499 33.
685 3444 728 3499 35.
744 3445 787 3498 36.
804 3443 846 3497 69.
866 3442 907 3497 76.
923 3441 964 3497 73.
980 3442 1023 3497 76.
1042 3442 1084 3496 81.
1102 3442 1144 3496 86.
1162 3441 1206 3495 33.
1248 3473 1251 3479 1

162 3535 234 3589 Vici.
258 3534 310 3587 Gn.
329 3533 352 3587 l.
371 3531 397 3588 3.
416 3529 441 3586 3.
468 3529 610 3597 eidemque
633 3539 731 3598 posteo
755 3530 864 3582 totiens
888 3528 922 3595 (s.
949 3528 1075 3594 tociens)
1096 3534 1208 3596 praeter
1323 3584 1329 3593 Ι

162 3618 205 3672 36.
224 3617 265 3672 36.
290 3614 342 3670 Gn.
360 3616 403 3679 3.,
426 3613 476 3667 sed
500 3612 601 3665 habent
626 3610 665 3666 13.
685 3611 727 3665 31.
751 3640 787 3654 —-
815 3617 904 3682 puter
923 3612 1076 3683 patratus]
1098 3611 1207 3663 divisim

163 3703 203 3756 sic
224 3700 273 3771 Lg.
294 3699 318 3754 3.
342 3699 381 3754 13.
403 3695 505 3751 1633.
525 3695 567 3749 36.
586 3693 628 3748 65.
648 3694 690 3749 67.
710 3695 752 3750 69.
771 3695 813 3750 70.
832 3692 873 3748 73.
892 3693 933 3749 76.
952 3693 993 3749 81.
1014 3694 1055 3749 81.
1074 3694 1116 3748 86.
1143 3698 1206 3750 cett:

163 3793 191 3842 et
208 3784 268 3840 edd.
289 3785 439 3855 pleraeque
462 3778 629 3847 antiquiores
650 3779 768 3836 iunctim.
786 3806 822 3819 -
851 3778 1018 3846 dediderit]
1040 3776 1208 3832 reddiderit

163 3867 212 3939 ng.
230 3869 272 3925 31.
297 3854 396 3939 posteo
419 3863 536 3917 dederit
557 3861 606 3931 Lg.
632 3863 735 3918 deorr.
757 3863 782 3918 6.
806 3862 838 3915 81
857 3878 928 3917 corr.
950 3861 994 3917 81.
1011 3890 1047 3903 -
1074 3865 1123 3913 ein
1141 3856 1207 3927 tila]

163 3951 239 4019 nm„
257 3954 303 4023 qni
320 3967 376 4005 non
395 3946 509 4001 vidiseet
525 3950 758 4000 controuersiam
772 3948 812 4000 nie
829 3944 987 4017 significare
1003 3947 1208 4016 quaestionem

164 4042 386 4090 controversam
410 4032 445 4084 de
468 4030 626 4083 coniectura
649 4030 735 4084 edidit
758 4034 805 4085 ein
828 4034 862 4085 in
886 4029 948 4085 etta.
972 4058 1008 4071 ·-
1039 4030 1068 4082 ei
1088 4027 1136 4094 iel'
1151 4026 1208 4082 inv.

164 4117 256 4193 lucii.
292 4136 329 4181 Μ
346 4119 392 4192 (q.
409 4117 451 4183 ri)
470 4113 561 4193 {aqi
587 4113 638 4170 Gn.
657 4111 682 4168 3.

494 4211 507 4233 '
934 4207 1000 4271 18*
