2958 4584
401 280 461 348 llll
490 278 717 348 ORATORE
745 277 871 347 muna
892 279 929 347 ll.
951 282 1002 348 33.
1134 284 1227 356 281
1245 312 1254 320 ‘¹

184 470 255 518 eum
282 450 400 517 diceret
427 450 489 515 sihi
502 456 633 516 'aenum
661 468 733 514 esse
766 469 787 514 a
812 449 937 515 iudiciis
969 451 1136 536 causisque
1163 450 1228 517 dis—

186 570 317 646 eedere3
349 567 419 643 sed,
452 577 484 632 ut
509 568 570 652 ipsi
597 566 686 632 soleo
714 565 834 644 dicere,
866 586 930 631 non
954 558 1072 632 licebit
1120 561 1228 654 Neque
1255 620 1257 625 ,

187 688 270 752 enim
285 685 434 750 auxilium
456 703 545 749 suum
567 703 667 769 saepe.
687 685 799 748 avinis
815 683 907 748 bonis
930 683 1046 749 frustra
1067 684 1228 771 implorari

185 806 319 890 patietur
347 820 448 887 neque
480 801 514 866 id
542 820 642 885 aequo
671 804 775 865 animo
807 801 886 865 ieret
913 778 1038 878 civitas,
1071 821 1165 887 quae,
1200 807 1229 869 si

185 940 265 987 voce
286 918 324 984 L.
348 917 469 984 Crassi'
480 915 614 993 carebit,
641 928 823 984 ornamento
847 917 981 1002 quodam
1004 938 1038 982 se
1062 919 1229 1004 spoliatam

185 1036 340 1124 putabit.
371 1034 452 1100 Nam
481 1010 606 1111 liencle,
644 1037 744 1120 inquit
772 1030 942 1110 Antonius,
984 1036 1012 1099 si
1043 1033 1124 1101 haee
1153 1056 1258 1104 vere>

187 1174 208 1220 a
229 1152 340 1219 Catulo
367 1153 453 1218 dicta
481 1161 565 1228 sunt,
591 1151 649 1215 tihi
675 1171 795 1217 mecum
820 1154 851 1215 in
878 1152 989 1217 eodem
1013 1163 1061 1217 est
1087 1156 1228 1239 pistrino,
1255 1228 1260 1239 .

188 1270 320 1349 Crasse,
342 1269 530 1356 vivendum3,
547 1278 577 1334 et
599 1270 691 1334 istam
714 1271 898 1335 oscitantem
919 1272 1106 1367 sapientiam
1129 1270 1229 1338 Scae-

187 1470 279 1525 Crassi
303 1471 382 1524 dictis
405 1468 528 1521 damnari
550 1468 693 1532 videatur,
721 1465 796 1519 abire
822 1484 839 1519 a
863 1464 1004 1531 Ciceronis
1028 1470 1122 1524 verbis
1146 1473 1229 1539 iussi;

158 1585 162 1589 ·
186 1557 291 1609 uncinis
318 1556 464 1607 incluserat
484 1551 694 1606 Henrichsenus.
730 1549 872 1602 Particula
891 1559 924 1604 et
947 1569 1006 1605 cium
1027 1557 1148 1625 cognatis
1168 1558 1230 1626 plus

185 1640 271 1694 semel
288 1637 462 1692 intercieudis
480 1637 669 1691 additamentis
686 1635 788 1687 idonea
801 1635 863 1687 visa
877 1643 927 1701 est,
946 1630 1156 1692 ut'Grnecorum
1173 1648 1228 1698 καί.

187 1723 243 1777 Cic.
266 1723 359 1776 Divin.
380 1709 424 1775 li.
439 1721 473 1774 63
492 1730 576 1774 exta:
606 1720 785 1792 Clcrpsippnts
805 1721 924 1789 puidam
947 1721 1161 1777 diuinationem
1181 1726 1231 1778 de-

185 1807 255 1878 finit
271 1806 319 1859 leis
335 1806 445 1860 uerbis:
462 1811 523 1860 uim
537 1812 758 1876 capnoseentem
775 1805 972 1859 assidentem
990 1812 1020 1858 et
1033 1807 1232 1878 explicantem

187 1896 285 1962 stpna,
305 1909 380 1960 quae
392 1889 417 1943 'a
431 1891 479 1943 dis
492 1889 658 1943 bonitatibus
672 1889 901 1961 portendantur.
926 1890 1019 1943 Verba
1036 1908 1073 1943 aa
1085 1892 1231 1948 uidentem

185 1977 281 2046 inepta
301 1985 364 2030 sunt
388 1985 416 2028 et
437 1982 512 2028 recte
534 1975 638 2028 uncinis
660 1975 763 2044 saepsit
786 1972 977 2044 Hottingerus,
1001 1993 1061 2029 cum
1084 1995 1102 2030 a
1124 1979 1232 2037 Davisii

188 2062 249 2117 cod.
269 2073 293 2129 ψ
311 2060 407 2114 abesse
426 2060 473 2112 illa
491 2060 607 2113 videret.
627 2059 662 2112 67
679 2060 764 2114 med:
789 2058 823 2114 lu
840 2060 946 2128 (usnimi)
965 2078 1031 2114 eum
1049 2067 1232 2119 sustinentur

187 2145 327 2200 membris
346 2162 382 2199 ae
402 2162 524 2217 corpore
543 2151 573 2196 et
590 2144 730 2198 sensibus.
766 2142 829 2197 lure
846 2144 976 2198 Davisius
992 2147 1102 2200 seclusit
1120 2156 1150 2200 et
1166 2167 1230 2204 eor·
1270 2186 1273 2191 <

185 2247 259 2301 pore
285 2230 432 2283 secundum
457 2229 537 2282 codd.
562 2228 629 2298 Reg.
658 2236 686 2280 et
710 2227 836 2281 Cantahr.
882 2228 928 2282 De
955 2227 1004 2284 Or.
1030 2229 1064 2283 ll.
1088 2232 1138 2294 48,
1165 2233 1230 2287 199:
1326 2261 1330 2269 ·

152 2332 155 2341 ’
189 2319 306 2368 animos
327 2342 364 2357 κ-
388 2313 430 2365 ad
455 2313 490 2376 Q.
515 2311 671 2382 Caepionis
695 2311 795 2363 odium
817 2339 852 2349 -
876 2312 1054 2371 renovabam
1076 2321 1165 2382 atque
1185 2335 1233 2369 re·

188 2396 340 2451 necabam.
376 2395 482 2449 Ultima
505 2411 576 2447 nunc
595 2393 749 2451 secundum
765 2393 854 2446 bonos
873 2395 957 2447 libros
977 2397 1158 2452 secludentur.
1184 2398 1231 2455 ΠΙ.

188 2482 232 2548 59,
249 2481 315 2534 ml:
333 2479 408 2533 daea
425 2484 469 2531 est
486 2493 637 2548 unapars
654 2480 787 2547 corporis
804 2477 916 2544 (oculi),
937 2494 1027 2546 quae,
1048 2487 1120 2547 quat
1138 2487 1236 2539 animi

189 2573 289 2620 motus
304 2571 381 2627 sunt,
398 2568 442 2616 tot
456 2561 688 2632 sipnifieotiones
702 2566 730 2612 et
743 2564 986 2613 commutationes
993 2567 1096 2633 possit
1106 2564 1231 2634 efficere.

189 2650 297 2704 Seclusi
311 2655 341 2702 et
353 2649 599 2701 commutationes
610 2644 758 2699 secundum
770 2643 859 2698 bonos
872 2645 957 2699 libros
970 2663 1079 2712 omnem
1098 2666 1150 2701 nec
1163 2653 1235 2706 enim

189 2735 269 2788 oeult
285 2735 532 2787 commutationes
549 2729 698 2798 effitiunt,
716 2729 765 2782 sed
781 2730 833 2799 ipsi
850 2739 996 2797 mittantur,
1013 2740 1041 2785 et
1057 2735 1146 2787 omnis
1162 2754 1234 2790 com-

188 2820 301 2872 mutatio
322 2817 403 2870 etiam
419 2813 582 2885 significatio
603 2823 651 2868 est.
687 2812 777 2866 Etiam
797 2831 820 2866 c.
835 2813 877 2880 38,
898 2814 955 2869 152.
976 2807 1064 2885 atque
1080 2821 1233 2891 explican-
1265 2874 1267 2878 ,

166 2904 261 2960 aum
278 2908 433 2972 suspectum
453 2909 495 2952 est
513 2917 540 2951 v
560 2908 653 2953 annot.
674 2899 732 2953 crit.
769 2898 827 2952 Sed
847 2900 969 2969 plurimis
986 2902 1054 2955 locis
1072 2921 1128 2957 non
1146 2906 1234 2961 miurus

189 2988 322 3073 suspectis
341 2985 408 3038 nihil
430 2984 540 3037 codices
560 2984 724 3054 discrepant.
750 2984 785 3038 de
805 2980 854 3038 Or.
873 2983 893 3037 l.
913 2984 956 3052 37,
977 2986 1040 3039 171:
1066 2990 1235 3058 eloquentia
1266 3030 1268 3037 .

190 3077 277 3125 tanta
297 3059 488 3138 saiticam),
510 3075 654 3137 quantam
678 3069 732 3123 illa
756 3076 892 3140 tempora
914 3076 1003 3139 atque
1025 3072 1079 3125 illa
1097 3080 1183 3128 actas
1204 3078 1235 3129 in

189 3154 247 3208 luae
266 3157 388 3207 ciuitate
405 3152 487 3221 serre
504 3157 673 3206 maximam
688 3157 794 3225 potuit.
831 3153 979 3208 Subdititia
999 3156 1128 3209 videntur
1147 3165 1235 3228 atque
1309 3176 1313 3180 ·

190 3239 245 3295 illa
263 3246 359 3292 aetas.
395 3237 444 3302 49,
463 3235 526 3289 184τ
553 3237 647 3290 lucem
665 3242 766 3309 inpeni
789 3244 818 3290 et
839 3239 945 3291 consili
967 3243 1014 3292 sui
1032 3245 1236 3312 porripentem

190 3331 280 3394 atpue
294 3322 467 3376 tendentem
481 3321 591 3377 'Ultima
603 3322 696 3390 inepta
707 3331 770 3382 sunt
786 3326 813 3375 et
824 3323 922 3378 seclusi
936 3324 995 3377 sine
1006 3323 1090 3379 libris.
1114 3327 1157 3393 44,
1171 3327 1235 3382 lou:

85 3420 91 3427 ⁴
190 3411 274 3461 mlius
293 3410 340 3460 rei
358 3413 442 3459 tanta
461 3412 507 3458 est
522 3409 566 3457 nis
583 3423 620 3458 ae
637 3412 724 3458 tanta
742 3412 859 3460 natura.
886 3405 994 3460 Natura
1012 3409 1108 3462 eadem
1124 3411 1166 3463 vis
1185 3421 1235 3468 est

190 3490 234 3558 48,
248 3490 310 3544 aot:
330 3473 543 3562 deprehensum
560 3507 651 3548 me—
665 3491 756 3561 plane
773 3491 859 3544 uideo
876 3497 966 3560 atque
984 3497 1086 3583 sepita
1122 3493 1237 3550 Exclusi

192 3581 282 3644 atque
300 3579 394 3628 sentio
419 3575 547 3627 nullane
569 3574 792 3628 commendabile.
829 3575 877 3641 59,
900 3575 965 3629 251·
993 3592 1127 3630 nenne—-
1143 3578 1236 3632 Grae-

192 3675 295 3714 corum
317 3676 400 3713 more
416 3665 449 3711 et
473 3658 686 3729 trapoeclorum
709 3661 775 3711 noni
792 3663 908 3711 seruiet.
943 3660 1055 3714 Addidit
1073 3669 1102 3715 et
1120 3670 1237 3735 trapoe

128 3773 131 3776 ·
190 3743 306 3808 dorum,
327 3745 374 3813 qui
389 3760 490 3797 nonem
505 3759 601 3815 paene
618 3741 830 3812 trapoedorum
848 3745 950 3796 oratori
963 3744 1045 3798 trIbni
1062 3748 1235 3804 meminisset.

188 3827 252 3883 Nec
269 3829 304 3881 de
320 3828 459 3881 actoribus
476 3835 540 3897 post
554 3826 592 3879 ibi
606 3826 703 3895 agitur,
720 3827 770 3879 sed
784 3827 819 3879 de
833 3828 900 3880 solis
913 3830 1076 3884 oratoribus.
1104 3831 1136 3885 ll.
1149 3833 1175 3895 6,
1188 3834 1236 3886 aaz
1268 3892 1271 3896 ,

188 3904 321 3966 uolucres
338 3912 472 3965 uidemus
487 3914 705 3982 procreationis
723 3918 811 3980 atque
828 3913 971 3967 utilitatis
989 3931 1081 3968 eausa
1100 3914 1237 3987 esfinpers

190 4003 221 4050 et
239 4002 419 4051 constituere
436 3996 531 4050 nidos.
556 3995 691 4065 Suspecta
703 3994 793 4049 liabeo
809 4003 898 4065 atque
909 3997 1060 4052 utilitatis.
1091 3999 1132 4062 19,
1145 4001 1186 4053 78.
1205 4005 1237 4054 in

192 4082 409 4154 disceptatione
425 4097 545 4138 reorum
561 4087 591 4133 et
607 4083 818 4136 controuersia.
855 4080 959 4137 Ultima
975 4089 1114 4152 suspecta:
1134 4098 1168 4136 en,
1185 4082 1236 4132 dis·
