2980 4602
256 329 333 401 u
502 352 503 355 κ
652 323 925 425 (1151110118,

266 494 469 577 deducatqua
488 495 649 578 eoguoris.
682 492 753 571 Qua
773 514 808 558 re
829 493 977 576 quonian
998 490 1074 563 mihi
1087 492 1190 560 leuius
1207 494 1306 578 quoda
1331 474 1334 479 ¹
1416 512 1422 520 ·

266 611 339 676 dum
364 629 443 676 onus
470 613 626 697 imponitis
652 629 753 692 neque
780 630 819 674 ex
844 630 893 675 me
920 610 960 674 de
982 612 1118 675 oratorie
1141 622 1222 682 arte,
1247 610 1307 677 sed
1423 593 1430 603 ’

267 728 305 793 de
327 727 387 809 luae
402 747 492 804 mea,
516 726 785 811 quantulacunque
808 736 872 803 est,
893 726 1042 792 facultate
1065 730 1231 810 quaeritis,
1253 749 1308 793 ex-

265 864 380 932 ponam
404 845 496 910 vobis
521 865 585 909 non
610 844 773 928 quandam,
792 853 846 908 aut
865 843 1114 930 perreconditam
1141 854 1194 909 aut
1213 843 1307 910 ralde

267 961 426 1027 dilicilem
448 971 500 1026 aut
521 960 719 1045 magnificam
745 970 798 1025 aut
818 979 948 1043 gravem
967 947 1121 1025 rationem
1142 956 1308 1026 consuetu-

166 1104 168 1107 ·
267 1077 351 1142 diuis
376 1077 754 1160 meae,quaquondan1
769 1075 885 1142 solitus
908 1096 976 1140 sum
997 1079 1057 1154 uti,
1085 1097 1153 1142 cum
1179 1076 1254 1141 mihi
1275 1079 1308 1140 iu
1399 1157 1402 1159 Α
1485 1117 1486 1120 =

151 1193 159 1205 '
267 1196 328 1258 isto
356 1194 458 1260 studio
473 1187 608 1261 ‚versari
635 1166 830 1263 adolescenti
855 1191 981 1257 licebat.
1032 1192 1104 1257 leo.
1132 1191 1213 1257 Tum
1234 1185 1309 1257 Sul-

267 1312 377 1396 picius,
399 1306 426 1374 0
450 1310 540 1386 diem,
565 1306 665 1395 Cotta,
686 1308 789 1384 nobis,
811 1310 919 1391 inquit,
942 1313 1093 1395 optatum!
1122 1309 1205 1392 quod
1226 1312 1309 1373 enim

267 1445 376 1509 neque.
394 1425 540 1512 precibus
565 1443 701 1509 unquam
733 1444 792 1489 nec
823 1425 1002 1490 insidiando
1034 1445 1092 1491 nec
1118 1425 1308 1511 speculando

269 1545 397 1624 assequi
421 1543 520 1628 potui,
548 1551 581 1605 ut
607 1540 681 1623 quid
703 1538 839 1605 Crassus
865 1549 975 1624 ageret
995 1540 1165 1605 meditandi
1186 1552 1239 1606 aut
1260 1541 1308 1604 di-

268 1661 360 1726 eendi
382 1677 480 1724 causa
500 1678 564 1724 non
584 1657 676 1723 modo
690 1657 798 1753 uidere
820 1655 905 1734 mihi,
928 1657 985 1722 sed
1006 1677 1046 1722 er
1067 1659 1135 1722 eius
1157 1658 1308 1743 scriptore

268 1787 299 1844 et
320 1777 437 1842 lectore
453 1772 579 1861 Diphilo
602 1775 758 1860 suspicari
778 1772 899 1850 liceret,
922 1773 954 1838 id
976 1793 1068 1859 spero
1088 1793 1148 1838 nos
1163 1792 1236 1841 esse
1252 1773 1310 1837 ad-

269 1903 356 1980 eptos
373 1896 538 1974 omniaque
554 1894 617 1956 iam
632 1911 670 1955 ex
686 1894 770 1976 ipso,
788 1908 869 1973 quae
885 1890 939 1955 diu
956 1892 1104 1976 cupimus,
1120 1891 1309 1973 cognituros.
1376 1884 1383 1891 ’

353 2006 474 2073 XXXI.
508 2008 579 2072 137.
607 2005 688 2070 'lum
709 1986 861 2071 Crassus:
881 2007 986 2089 ‚Appii
1000 1997 1157 2084 {afflinem
1179 2003 1309 2092 Sulpici,

268 2145 340 2192 curn
360 2124 509 2200 audieris,
531 2142 594 2188 non
614 2132 678 2188 tam
699 2133 728 2188 te
743 2122 823 2188 haec
841 2104 1070 2200 admiratorem,
1093 2141 1174 2205 quae
1192 2122 1311 2203 dineim

270 2261 364 2326 quam
380 2242 623 2307 existimaturum
636 2249 714 2317 tum,
737 2260 861 2305 cumea
876 2240 984 2305 audire
999 2232 1158 2325 cupiebas,
1182 2219 1311 2322 eausam

270 2378 326 2424 eur
346 2353 482 2443 'cuperes
507 2376 571 2421 non
597 2356 706 2421 luisse.
758 2354 845 2422 Nihil
871 2357 954 2421 enim
980 2355 1084 2435 dicam
1109 2355 1310 2429 reconditum·

269 2473 348 2539 nihil
380 2474 610 2559 exspectatione
637 2482 744 2555 restra
774 2472 915 2556 dignum,
947 2471 1026 2535 nihil
1057 2482 1110 2537 aut
1140 2471 1312 2536 inauditum

268 2590 360 2658 vebis
388 2599 441 2656 aut
467 2591 611 2673 cuiquam
637 2605 766 2674 nomam.
802 2586 883 2654 Nam
902 2570 1068 2674 principio,
1093 2587 1129 2653 id
1154 2587 1236 2671 quod
1264 2596 1313 2651 est

357 2787 415 2843 teo.
459 2786 624 2861 Salptieiusl
649 2795 712 2858 post
740 2775 798 2841 'hoc
822 2785 900 2858 pouit
929 2789 1024 2856 tepuit
1050 2784 1099 2856 ng.
1123 2785 1155 2838 21
1181 2799 1252 2839 corr.
1278 2814 1310 2826 -

270 2874 410 2943 coquom]
436 2873 475 2926 sic
496 2872 546 2942 Lg.
565 2888 668 2926 omnes.
691 2902 722 2923 -,
752 2872 816 2938 nce]
841 2887 931 2940 nepae
950 2870 998 2941 lug.
1021 2870 1059 2924 17.
1079 2871 1121 2923 nt.
1140 2869 1183 2924 so.
1215 2869 1312 2922 Altero

269 2959 333 3011 loco
357 2974 411 3010 nec
434 2957 466 3010 17
482 2957 565 3011 solus.
600 2955 691 3009 modo
713 2972 797 3025 supra
814 2972 867 3009 scr.
885 2954 956 3008 Vict.
976 2985 1007 2995 -
1033 2955 1162 3025 assequi]
1186 2953 1313 3022 accepti

270 3043 320 3114 ng.
340 3042 381 3096 70.
400 3042 442 3096 73.
460 3042 499 3094 ita
516 3056 586 3094 corr.
607 3039 647 3093 17.
666 3069 701 3078 -
716 3038 895 3093 meditandi
918 3046 971 3094 aaut
992 3038 1111 3093 dicendi
1135 3040 1238 3106 caetea]
1263 3037 1311 3091 ‹tt-

271 3127 357 3182 eendt
381 3143 464 3179 causa
488 3122 555 3176 nihil
577 3139 660 3193 agere
683 3123 805 3192 potuisse
830 3123 957 3177 Crassum
974 3121 1080 3175 Bakius
1103 3130 1178 3176 ratus
1202 3121 1312 3191 canogio

271 3207 413 3264 ‹ttsoeactt
435 3209 503 3270 *Sed
520 3206 700 3260 meditabatur
716 3206 822 3263 futuras
840 3207 981 3260 dictiones.
1016 3204 1080 3264 Qua
1097 3223 1128 3259 re
1144 3207 1167 3259 si
1186 3206 1313 3275 displicet

233 3352 238 3357 ,
270 3295 383 3364 vulgata
403 3283 486 3346 lectio
510 3291 643 3346 eiicieuda
665 3293 756 3360 potius
776 3292 904 3344 videntur
922 3288 1091 3342 meditanda·
1113 3296 1174 3344 oet.
1197 3320 1227 3329 —
1254 3284 1312 3342 Dt-

268 3376 366 3449 philo]
394 3375 534 3448 Detptito
556 3385 603 3428 aut
625 3374 771 3447 Daptpto
799 3384 846 3427 aut
866 3374 989 3427 vitiosius
1006 3374 1087 3425 etiam
1109 3370 1160 3441 Lg.
1179 3372 1312 3440 plenique,

272 3460 323 3514 Gn.
341 3460 363 3513 l.
383 3459 408 3514 2.
426 3489 462 3500 --
486 3462 548 3514 esee
565 3460 703 3531 adeptos]
724 3476 787 3527 ease
804 3475 857 3512 om.
875 3458 916 3512 15.
936 3456 1099 3527 adepturos
1117 3456 1159 3509 93.
1180 3485 1211 3495 -
1237 3454 1312 3520 iam]

272 3553 325 3599 oin.
342 3544 394 3615 Lg.
412 3544 454 3600 69.
478 3573 514 3586 ·-
543 3561 581 3597 ee
601 3545 680 3615 ipso]
700 3560 753 3597 om.
773 3543 814 3599 lo.
832 3569 874 3603 ευ.
896 3543 981 3611 qnae]
1000 3557 1053 3593 om.
1073 3541 1098 3595 3.
1116 3539 1159 3592 or.
1183 3569 1213 3579 -
1248 3537 1312 3604 oto]

273 3616 337 3686 lem
354 3629 408 3683 die
430 3646 447 3680 a
464 3646 520 3683 see.
539 3645 574 3682 m.
595 3628 655 3683 69ss

358 3711 461 3767 XXXI.
496 3712 554 3766 137.
592 3713 692 3782 atqve]
716 3718 805 3781 cepoe
821 3711 863 3765 73.
902 3713 991 3779 acqui
1006 3702 1049 3762 81.
1090 3715 1124 3761 at
1147 3707 1315 3777 1117185.-

210 3792 215 3799 ’
275 3796 401 3870 septae
419 3796 496 3862 mem]
520 3793 687 3868 Sulpicium
705 3795 755 3866 Lg.
766 3796 794 3849 5.
804 3795 847 3849 65.
866 3794 917 3848 Gn.
933 3796 956 3849 l.
981 3790 1162 3864 ‘Sulpicium
1179 3809 1245 3844 eum
1261 3789 1316 3845 hec

261 3880 433 3936 'audieritis
450 3896 513 3950 exp.
533 3879 587 3934 hec
605 3880 646 3936 15.
667 3912 697 3921 -
724 3887 754 3934 te
772 3878 858 3946 taen]
878 3879 934 3932 inv.
955 3875 1005 3948 ng.
1025 3878 1050 3931 3.
1072 3893 1124 3930 om.
1145 3877 1187 3930 lt.
1205 3905 1236 3915 -
1262 3890 1314 3926 eat·

273 3964 470 4036 apostoticae]
493 3980 508 4017 o
533 3966 661 4018 extritum
684 3967 712 4019 in
738 3964 787 4035 ng.
811 3972 921 4034 praeter
938 3963 962 4016 3.
982 3962 1006 4015 5.
1028 3961 1068 4013 15.
1105 3966 1206 4013 vestra
1230 3974 1313 4028 esopo.

274 4048 396 4118 dtpmm
411 4047 454 4101 33.
490 4057 594 4104 nostro
613 4048 654 4102 76.
668 4049 763 4103 om.iil
779 4047 898 4103 aud..st.
919 4046 1022 4112 -1711
1039 4043 1123 4114 vulgo
1143 4041 1223 4098 tiled.
1250 4041 1316 4094 Cor·

273 4132 333 4187 rexi
350 4148 385 4185 ex
403 4131 453 4203 Lg.
471 4132 496 4191 3.
514 4134 539 4189 6.
557 4135 581 4189 7.
601 4150 628 4190 v.
648 4133 853 4202 explicationes.
1312 4168 1315 4177 .
