2980 4602
245 306 563 442 'opp
521 260 567 277 Η
568 317 917 426 cressonis

278 500 390 588 positis
416 519 509 585 quum
507 425 671 567 maxime
684 441 840 585 ‘grauibus
868 507 920 566 aut
941 497 1083 564 oratioue
1113 497 1222 584 ulique
1241 499 1324 600 lecte

186 616 192 629 '
280 617 323 683 ud
352 637 423 687 eum
452 589 557 695 inem
590 638 681 703 quem
712 619 864 683 memoria
893 635 1020 703 possem
1051 616 1324 702 comprehendere,

280 751 352 801 eam
364 754 432 801 rent
446 733 557 822 ipsam,
579 754 673 820 mam
688 734 849 819 legissem,
870 733 976 799 verbis
992 732 1066 799 eliis
1082 753 1175 819 quom
1190 738 1324 802 maxime

278 869 405 938 possem
430 849 522 919 lectis
548 854 789 938 pronuntiarem.
845 848 911 917 Sed
935 861 1007 937 post
1033 851 1238 917 animadverti
1263 851 1325 918 hoc

163 1034 168 1041 ,
280 968 591 1046 escenderunt,
615 969 697 1055 quod
720 989 762 1035 ca
781 967 888 1045 verba,
915 986 996 1053 qnae
1019 970 1152 1033 maxime
1175 972 1324 1055 cuiusque

279 1086 328 1153 rei
358 1088 485 1172 propria
519 1106 660 1172 quaeque
699 1096 805 1153 essent
840 1087 1042 1151 omctissima
1074 1096 1165 1170 atque
1199 1089 1323 1173 optimo,

281 1207 467 1289 occupasset
488 1213 541 1271 aut
561 1200 695 1279 Ennius,
723 1205 752 1268 si
774 1203 815 1269 ad
836 1204 904 1268 eius
925 1222 1036 1270 versus
1063 1222 1112 1267 me
1135 1222 1322 1280 exercerem,

281 1329 335 1385 out
350 1317 521 1397 Gracchus,
544 1321 572 1384 si
595 1321 664 1384 eius
686 1322 860 1386 orationem
880 1318 956 1384 milri
977 1319 1057 1385 forte
1074 1322 1323 1406 proposuissem:

280 1435 335 1511 ita,
358 1437 386 1500 si
407 1435 520 1501 iisdem
534 1435 640 1504 uerbis
662 1447 776 1514 uterer,
797 1435 877 1500 nihil
891 1436 1062 1522 prodesse3'
1081 1438 1109 1500 si
1124 1436 1207 1512 aliis,
1229 1439 1323 1501 etiam

280 1549 406 1629 obesse,
429 1570 499 1618 cum
514 1556 614 1617 minus
630 1552 753 1618 idoneis
769 1555 814 1617 uti
830 1571 1079 1618 consuescerem.
1115 1550 1185 1617 155.
1207 1550 1325 1619 Postea

281 1665 356 1747 mibi
381 1668 499 1754 placuit
524 1688 625 1754 eoque
652 1689 720 1734 sum
747 1688 823 1734 usus
854 1668 1057 1747 adolescens,
1083 1677 1116 1734 ut
1137 1688 1325 1741 summorum

281 1795 439 1853 oratorum
467 1784 608 1854 Graecas
640 1788 802 1851 orationes
831 1784 1030 1871 explicarem.
1085 1784 1206 1865 Quibus
1233 1785 1324 1851 lectis

281 1899 342 1967 boc
364 1902 572 1987 decoquebat,
598 1912 644 1979 ut,
667 1922 736 1968 cum
758 1922 813 1980 eu,
836 1920 916 1987 quse
938 1901 1079 1986 legerem
1102 1901 1238 1979 Graece,
1259 1900 1324 1967 Lo-

281 2018 345 2082 tinc
367 2017 545 2096 redderem,
566 2038 630 2084 non
651 2018 752 2085 solum
774 2020 896 2104 optimis
917 2019 1023 2084 verbis
1045 2029 1151 2084 uterer
1172 2028 1326 2087 ettamen

281 2133 428 2233 usitatis,
448 2134 504 2202 sed
527 2136 621 2204 etiem
642 2137 845 2227 exprimerem
870 2135 1026 2225 quaedem
1044 2136 1145 2205 verba
1165 2136 1324 2214 imitando,

213 2359 251 2433 ‘,
281 2367 318 2422 ud
342 2367 408 2423 Soli.
432 2367 489 2439 lug.
515 2387 542 2439 p.
558 2369 617 2427 ooo.
642 2385 697 2423 nou
719 2370 878 2424 mendnerot
900 2368 939 2424 sic
962 2370 990 2421 in
1011 2369 1096 2425 titulis
1121 2379 1149 2423 et
1172 2371 1259 2422 numls
1279 2384 1326 2421 ve·

283 2451 404 2527 iunioris
421 2453 533 2520 aetatis,
554 2470 611 2507 non
630 2454 828 2520 Sallustianae,
850 2454 913 2524 legi
949 2452 1011 2507 Nec
1032 2461 1158 2508 constent
1182 2454 1232 2508 sibi
1255 2452 1327 2520 libri,
1362 2464 1365 2470 '

281 2551 309 2594 v.
331 2520 447 2591 erindetu
464 2556 491 2608 p
503 2538 562 2592 657.
596 2538 641 2592 De
658 2539 824 2610 aspiratione
842 2539 940 2608 ineptit
956 2537 1111 2609 Probusp
1129 2538 1237 2593 169.
1201 2556 1327 2613 pro·

276 2623 459 2696 posuissem]
473 2626 645 2693 posuissem
661 2622 712 2695 ng.
730 2624 755 2678 3.
769 2623 795 2677 6
806 2622 832 2677 6
849 2622 888 2677 16.
903 2622 945 2676 26.
960 2622 1001 2677 21.
1015 2622 1132 2679 ticon.
1152 2622 1194 2675 32.
1208 2623 1326 2677 dbcorr.

281 2703 324 2763 65.
343 2706 384 2760 67
406 2705 447 2762 76.
466 2705 508 2760 81.
526 2705 568 2763 81.
583 2706 626 2763 86.
654 2706 704 2762 Gu
721 2710 744 2763 1.
757 2708 782 2763 2.
802 2707 890 2771 Vict.;
905 2706 1025 2759 fortusse
1043 2707 1150 2760 rectius.
1184 2694 1344 2777 Perpetua*

282 2796 325 2844 est
344 2806 437 2845 eorum
456 2790 602 2848 verborum
622 2799 735 2862 propter
752 2745 890 2845 scribendi
906 2790 1095 2860 compendium
1115 2788 1244 2861 piporm
1263 2807 1327 2843 con

283 2871 364 2929 fusio.
387 2904 417 2918 -
454 2874 574 2943 iisdem]
600 2875 696 2931 isdem
717 2875 767 2947 ng.
790 2876 815 2930 5.
840 2874 866 2928 6.
892 2875 931 2934 17.
952 2875 986 2927 24
1004 2891 1075 2928 corr.
1098 2873 1141 2929 bb
1162 2874 1203 2928 70.
1221 2873 1263 2929 76.
1284 2875 1327 2932 86

283 2956 335 3010 Gu.
351 2959 374 3017 l.
400 2957 518 3012 hisdem
534 2959 594 3025 clii,
613 2969 642 3013 ut
660 2959 712 3013 Gn.
728 2960 754 3014 2.
790 2959 859 3013 Illud
878 2959 938 3029 (out
956 2959 1081 3025 eisdem)
1098 2958 1122 3015 si
1139 2958 1266 3015 meliores
1285 2959 1329 3012 bic

281 3041 373 3099 fontes
390 3042 534 3109 boberem,
551 3043 668 3099 libenter
683 3044 854 3099 asciscerem.

282 3170 285 3175 .
372 3126 428 3184 155.
465 3128 565 3196 eoque]
592 3144 683 3197 eoque
709 3128 803 3199 lngo
839 3145 873 3187 eo
896 3127 939 3185 64.
968 3155 1003 3168 -
1037 3126 1220 3192 adolescens]
1248 3125 1328 3179 adol.

282 3207 333 3280 bg.
353 3210 394 3264 17.
414 3210 458 3264 32.
474 3210 515 3264 65.
535 3211 577 3265 76.
597 3212 640 3265 73.
657 3211 700 3266 86.
724 3240 760 3255 —-
792 3217 944 3283 orationes
965 3210 1109 3277 Graecas]
1135 3210 1191 3263 lnv.
1216 3208 1265 3280 bg.
1287 3210 1327 3267 15.

283 3293 402 3351 litterar
420 3297 465 3365 (p.
485 3297 591 3363 orati.)
609 3296 659 3367 ng.
679 3296 720 3350 76.
740 3325 777 3340 -
800 3295 990 3366 assequebar]
1011 3292 1197 3364 adsequebar
1216 3293 1265 3364 Lg.
1289 3294 1327 3348 17.

279 3376 324 3432 di).
340 3378 382 3433 73.
413 3396 556 3448 assequar
572 3378 615 3435 65.
630 3410 665 3421 -
684 3381 825 3451 leporum]
843 3381 882 3434 sic
898 3379 1025 3437 flavus
1048 3379 1099 3432 Gn,
1116 3380 1138 3432 1.
1157 3377 1292 3433 nr1.·r.a.
1305 3396 1327 3432 r.

282 3459 333 3531 Lg.
360 3479 455 3518 omues
476 3464 520 3519 od.
538 3482 559 3518 s.
579 3464 598 3518 1.
619 3473 646 3517 et
665 3482 689 3519 o.
715 3463 805 3520 liubit.
831 3464 901 3518 Ven.
926 3463 1001 3517 Lott.
1028 3461 1092 3517 Soli.
1118 3462 1160 3516 ed.
1186 3462 1248 3519 mci,
1277 3459 1327 3516 0r.

282 3545 367 3604 llenr.
379 3577 415 3591 ν-
431 3548 558 3618 leporem
575 3547 664 3605 Horu.
679 3548 701 3602 l.
715 3555 741 3616 β.
754 3569 780 3620 γ.
792 3550 817 3605 d.
833 3549 869 3603 ul.
890 3546 967 3602 Med.
979 3549 1004 3601 1.
1019 3547 1043 3601 2
1064 3546 1124 3599 Ald.
1143 3544 1212 3600 lunt.
1231 3544 1328 3601 bamb.

283 3630 360 3686 Grut.
378 3629 445 3685 Ero.
464 3632 528 3685 Scb„
547 3633 590 3690 ed.
609 3633 672 3687 min.
690 3631 788 3688 Muell.
818 3632 940 3703 lepertm
958 3631 1031 3686 (irat.
1049 3660 1085 3670 —
1112 3630 1247 3705 optimis]
1268 3633 1329 3682 ιιιι-

283 3718 359 3766 tatis
377 3713 428 3769 Gu.
443 3715 467 3783 l.
487 3747 519 3761 ’-
540 3723 569 3771 ei
587 3716 701 3786 iumen]
717 3716 767 3786 Lg.
787 3717 827 3772 15.
840 3715 882 3771 to.
894 3716 938 3770 69.
967 3723 1003 3769 at
1017 3715 1052 3777 ,93
1063 3730 1133 3771 corr.
1157 3719 1283 3768 tandum.
1297 3742 1328 3757 -·
1385 3715 1390 3720 “

282 3798 445 3867 imitando]
462 3801 606 3855 mutando
624 3800 674 3871 ng.
694 3802 718 3855 ³.
737 3800 780 3854 67.
800 3817 870 3854 corr.
889 3798 1080 3857 immitendo.

373 3883 431 3940 156.
466 3884 496 3938 ct
520 3886 624 3952 totius]
651 3902 687 3939 oc
704 3891 758 3939 toi.
782 3884 832 3955 bg,
851 3884 875 3939 3.
895 3885 937 3939 32.
956 3882 999 3939 67.
1021 3911 1057 3923 -
1085 3881 1329 3947 exercitationes]

283 3970 473 4023 indictiones
496 3969 606 4037 corrigit
621 3966 727 4022 Buklns
750 3984 911 4038 comparens
935 3967 1055 4038 liopuoc
1079 3967 1263 4020 celeritatem
1284 3968 1330 4018 in·

280 4054 377 4104 otiare
397 4049 581 4114 c,33‚149.;
607 4057 706 4104 arim
730 4054 801 4107 cutm
824 4061 958 4121 perpetuo
982 4050 1087 4121 opponi
1105 4052 1328 4103 coercitationt.

281 4134 330 4190 Sic
343 4142 384 4189 nst
401 4149 479 4198 seue,
497 4150 585 4206 eaque
602 4134 639 4192 do
657 4152 740 4191 utum
754 4134 852 4193 Cicero
871 4136 938 4192 dicit
955 4137 1021 4193 istos
1040 4134 1254 4189 exercitationes
1270 4143 1330 4193 orto
