2938 4590
262 328 363 417 3448
661 336 915 409 CICERONIS

262 512 350 579 enim'
376 509 452 578 olim
481 508 697 597 loquebantur.
752 508 825 578 184.
856 509 975 578 Horum
1004 510 1100 594 igitur
1130 514 1307 598 exprimere

261 649 365 698 mores
391 631 549 706 oratione,
582 629 682 694 iustos
709 629 851 713 integros
881 627 1052 713 religiosos
1079 629 1205 695 timidos
1232 650 1304 716 per-

261 747 390 814 ferentis
416 748 600 825 iniuriarum
626 747 736 811 mirum
758 745 906 831 quiddam
925 744 1029 823 valet3
1057 755 1088 811 et
1110 744 1170 812 hoc
1191 746 1243 812 uel
1269 749 1304 812 in

259 866 420 953 principiis
451 862 503 929 vel
530 864 564 928 in
588 882 623 929 re
650 863 811 929 namonda
840 862 892 929 vel
920 864 953 927 in
981 863 1158 949 perorando
1174 843 1303 929 'tantam

259 982 354 1048 habet
378 983 455 1058 dm,
487 982 516 1046 si
546 988 595 1046 est
621 982 759 1047 suaviter
784 990 815 1046 et
844 999 913 1046 cum
940 990 1238 1059 semitractatam,
1269 991 1303 1047 ut

191 1146 194 1156 .
260 1118 356 1186 saepe
381 1098 452 1186 plus
475 1117 571 1183 quam
597 1115 697 1163 causa
722 1096 838 1162 valeat.
883 1095 1022 1163 Tantum
1045 1107 1147 1162 autem
1170 1097 1316 1163 elicitur·

260 1236 356 1283 seusu
382 1215 516 1302 quodam
543 1232 582 1281 oe
607 1215 729 1280 ratione
756 1213 895 1291 dicendi,
921 1223 955 1279 ut
982 1216 1073 1300 quasi
1100 1233 1204 1280 mores
1226 1233 1301 1280 ora-

258 1336 337 1401 toris
358 1332 486 1417 effingat
506 1333 617 1399 oratio.
661 1328 784 1397 Genese
812 1332 895 1397 enim
921 1332 1057 1416 quodam
1078 1333 1301 1397 sententiarum

156 1487 167 1500 -
259 1460 290 1525 et
313 1468 430 1535 genere
456 1447 622 1515 uerborum
655 1447 795 1514 adhibita
825 1450 920 1515 etiam
952 1449 1075 1515 actione
1104 1447 1169 1513 leni
1195 1448 1311 1515 lucili-¹

168 1563 171 1570 ’
257 1577 412 1652 tatomque
442 1564 631 1651 significanti
662 1563 809 1645 allicitur,
833 1576 874 1632 ut
899 1564 990 1653 probi
1021 1575 1054 1630 ut
1079 1564 1159 1631 bene
1186 1568 1309 1633 morati.

257 1694 291 1750 ιιι
310 1683 385 1751 boni
406 1683 467 1749 uiri
488 1701 561 1749 esse
581 1681 755 1748 uideantur.

302 1864 305 1867 ,
341 1798 454 1866 XLIV.
493 1799 565 1866 185.
596 1797 676 1865 Huic
708 1809 810 1865 autem
841 1809 890 1865 est
922 1798 982 1865 illa
1012 1798 1120 1885 dispar
1151 1798 1300 1865 adiuncta

256 1920 337 1986 ratio
359 1919 521 1994 orationis,
543 1935 624 2002 quae
647 1915 712 1982 alio
734 1916 868 2002 quodam
888 1936 1006 2001 genere
1028 1917 1140 1982 mentis
1161 1916 1298 1982 iudicum

256 2044 414 2124 permovet
435 2031 639 2119 impellitque,
666 2042 699 2099 ut
725 2043 778 2100 aut
798 2034 921 2100 oderint
947 2044 1000 2099 aut
1020 2033 1153 2118 diligant
1174 2044 1227 2099 aut
1248 2035 1297 2099 io·

343 2266 410 2322 184.-
436 2262 605 2339 reIIpiosos]
622 2263 717 2338 reilip.
740 2267 790 2338 [ις.
808 2268 851 2324 84.
868 2295 904 2308 —
926 2265 1119 2339 perferentis]
1139 2267 1235 2337 scripsi
1253 2285 1295 2321 se·

255 2362 332 2410 cutus
354 2351 405 2422 Lg.
424 2351 448 2407 3.
467 2350 493 2406 5.
512 2349 538 2405 6.
565 2348 725 2406 141516.
749 2348 788 2407 17.
813 2352 855 2407 36.
874 2352 916 2425 33.
934 2352 976 2406 34.
1000 2350 1104 2406 3536.
1130 2351 1172 2406 65.
1191 2352 1232 2407 76.
1251 2353 1293 2407 73.
1339 2345 1349 2353 ”

254 2438 296 2494 76.
311 2437 353 2491 86.
385 2433 575 2509 persermdts·
592 2452 663 2489 corr.
682 2441 693 2487 t
712 2435 762 2490 Gu.
779 2435 804 2491 3.
838 2435 1084 2508 perferendarum
1101 2435 1150 2508 Lg.
1166 2435 1191 2491 3.
1221 2453 1294 2509 per-

252 2520 397 2594 ferendos
411 2521 437 2574 4.
462 2505 655 2592 proferendis
671 2518 705 2571 33
722 2536 793 2575 corr.
812 2528 841 2573 ut
857 2521 882 2576 3.
908 2518 1092 2593 proferentia
1108 2521 1150 2576 67.
1167 2550 1203 2560 -
1222 2539 1293 2594 pcr-

254 2604 382 2675 oraodo]
399 2605 439 2658 sic
456 2603 558 2674 optime
576 2602 685 2673 optimi,
702 2602 753 2674 Lg.
767 2603 791 2659 3.
811 2605 836 2659 4.
856 2604 896 2659 13.
915 2603 949 2657 33
962 2622 1031 2659 corr.
1050 2603 1093 2661 36.
1130 2604 1292 2677 optando:

254 2688 404 2765 operando
421 2688 473 2742 Gu.
486 2685 511 2743 3.
536 2686 638 2739 Vitium
651 2688 828 2759 peroranda
846 2690 902 2742 tale
920 2698 961 2742 est
979 2689 1069 2758 qualia
1083 2701 1295 2744 commemorata

252 2784 314 2831 suut
332 2772 367 2826 od
383 2771 418 2826 ll.
432 2770 476 2838 37,
495 2770 552 2825 114.
588 2769 653 2842 Ego
672 2789 797 2826 causam
818 2774 942 2843 perorari
959 2773 1032 2839 scio,
1056 2791 1119 2829 rem
1137 2774 1238 2834 nescio.
1256 2803 1293 2814 —-

253 2857 325 2928 leat]
343 2857 399 2910 leot
415 2856 464 2926 Lg.
479 2853 522 2910 59.
540 2855 582 2909 81.
597 2855 641 2909 84.
661 2873 714 2909 om.
729 2850 771 2911 36.
788 2885 824 2898 ·-
838 2856 1077 2928 facilitatemque
1094 2857 1292 2931 stqadficanti]

249 2942 457 3013 facilitateque
474 2938 665 3012 oiqatficandl
680 2938 731 3012 [Β.
750 2958 844 2996 omues
863 2950 972 3013 praeter
989 2941 1013 2997 3.
1029 2942 1053 2997 3.
1074 2945 1098 2998 4.
1119 2942 1157 2998 13.
1178 2942 1220 2997 33.
1238 2942 1292 3008 36,

250 3027 333 3081 modo
357 3023 430 3096 quod
453 3023 643 3095 cipallicandt
665 3034 707 3078 cst
729 3027 811 3079 etiam
834 3028 862 3080 in
879 3024 921 3090 4.“;
945 3027 1110 3097 stpnlficati
1131 3026 1170 3082 13,
1207 3025 1236 3080 ln
1256 3044 1297 3079 eo<

250 3108 407 3181 corruptela
425 3109 527 3177 primus
546 3108 676 3163 inventor
694 3110 753 3163 sine
771 3109 854 3164 dubio
874 3128 905 3164 se
922 3109 1042 3166 iactavit.

334 3225 432 3283 xLlV.
470 3225 529 3280 185.
563 3225 685 3297 meotis]
708 3228 805 3298 scripsi
827 3246 862 3282 ex
884 3227 970 3299 lig.)
986 3244 1013 3283 v.
1033 3246 1058 3283 u.
1078 3238 1095 3283 ι.
1124 3227 1225 3284 1314.
1249 3228 1287 3282 15.

189 3282 193 3287 ’
250 3314 291 3370 uo.
306 3313 346 3368 17.
364 3311 406 3365 no.
421 3309 463 3365 no.
483 3310 517 3363 ua
528 3327 598 3365 corr.
617 3310 651 3362 on
664 3327 734 3364 eoa.
751 3310 793 3364 so.
810 3310 853 3366 os.
870 3312 973 3368 orno.
994 3312 1034 3366 us.
1053 3312 1095 3365 uo.
1112 3313 1155 3367 so.
1173 3313 1289 3366 voa.-

249 3395 381 3471 opereut]
404 3396 444 3448 sic
467 3394 520 3448 soli
542 3406 664 3448 meorum
681 3395 730 3466 ng.
751 3394 792 3450 81.
811 3395 855 3449 93.
874 3396 970 3466 Steph.
989 3396 1050 3451 Ald.
1076 3406 1104 3455 et
1124 3397 1208 3467 vulgo
1225 3396 1289 3449 inde

248 3485 396 3555 pleraeque
415 3479 477 3533 edd.
513 3486 634 3552 sperant
656 3478 706 3550 Lg.
724 3479 826 3534 (icorr.
850 3480 892 3534 84.
929 3487 1091 3553 aspremont
1107 3481 1132 3536 3.
1151 3498 1178 3535 ν.
1200 3490 1228 3534 ut
1245 3479 1286 3535 81.

246 3568 317 3623 Rcll.
338 3569 496 3637 spernente
515 3581 568 3618 om.
585 3563 707 3618 overbis
726 3570 779 3618 aut
791 3569 916 3637 captant
934 3565 970 3619 ad
987 3581 1072 3635 usque
1089 3569 1289 3619 misereantur

245 3652 295 3723 ng.
320 3650 362 3704 65.
386 3648 429 3703 69.
466 3652 519 3702 aot
540 3654 574 3702 at
597 3653 718 3722 captant
743 3649 794 3703 Gu.
816 3649 841 3704 3.
864 3677 900 3689 ·-
926 3649 1094 3720 maereant]
1118 3649 1288 3704 emendatior

157 3725 170 3732 ’
245 3734 314 3789 hoec
329 3733 464 3803 scripturo
480 3731 604 3788 firmatum
621 3751 672 3797 eo,
690 3733 763 3803 quod
783 3734 907 3804 plerique
925 3734 1005 3788 codd.
1023 3733 1125 3788 habeut
1143 3740 1287 3788 mereant.

244 3825 378 3877 metuant
395 3816 445 3887 Lg.
457 3817 489 3871 81
503 3834 574 3870 corr.
592 3824 733 3872 mereant.
752 3849 783 3861 -
804 3817 1001 3889 deducantur]
1021 3820 1060 3872 sic
1072 3818 1162 3875 flavo.
1180 3818 1205 3873 1.
1223 3818 1283 3873 cod.

243 3905 271 3957 lu
288 3920 340 3973 mg.
359 3899 454 3956 Lumb.
472 3917 542 3968 rep,
559 3900 715 3953 Gruterioni
735 3911 762 3955 et
780 3899 871 3957 Onon.
892 3920 997 3969 omnes,
1014 3901 1109 3956 Mead.
1128 3902 1203 3955 Harl.
1220 3901 1242 3957 l.
1257 3902 1282 3955 3.

242 3985 299 4039 Eri.
319 3987 377 4054 (pr.
395 4001 430 4037 m.
450 3982 563 4059 titulae.)
587 3982 637 4052 Lg.
656 3983 681 4039 3.
700 3985 725 4039 5.
749 3984 774 4038 6.
801 3985 839 4038 14.
864 3985 903 4039 15.
925 3986 964 4041 lo.
988 3988 1027 4042 17.
1053 3987 1095 4041 36.
1116 3986 1157 4039 31.
1178 3985 1219 4039 33.
1239 3985 1281 4039 34.

242 4068 285 4122 36.
302 4068 344 4121 65.
362 4067 403 4120 67.
424 4065 466 4119 70.
485 4064 525 4119 73.
546 4066 587 4120 76.
605 4065 648 4120 84.
666 4068 708 4122 86.
734 4068 804 4121 Vict.
829 4068 880 4122 Gu.
895 4069 920 4124 3.
947 4068 1039 4124 firmat
1057 4071 1086 4123 id
1103 4069 1285 4123 deducentur
1329 4110 1340 4127 .

242 4150 269 4201 ln
284 4149 373 4204 Havn.
391 4148 415 4203 3.
440 4148 492 4203 Gu.
513 4147 535 4204 1.
571 4150 720 4205 deducant
741 4152 769 4204 iu
791 4149 841 4220 Lg.
860 4151 884 4207 3.
908 4156 933 4207 4.
956 4153 996 4209 13.
1020 4154 1055 4206 33
1071 4169 1142 4207 corr.
1160 4179 1195 4194 -
1226 4154 1282 4207 ad·
