2968 4596
410 268 470 335 DE
498 268 727 337 ottnuottss
755 268 880 338 Lteutt
901 271 924 338 t.
948 274 998 339 te.
1166 278 1231 349 10

181 443 267 507 sita
278 458 337 506 me.
366 434 449 507 Num
466 456 530 522 ego
549 457 631 525 quae
652 447 724 504 tunt
742 439 861 507 oratori
881 458 952 509 enm
969 438 1037 507 tilia
1056 443 1232 511 eommunia

181 578 251 624 non
279 565 400 622 mutuor
431 554 472 622 ab
503 554 587 622 illis:
620 557 674 623 iuti
700 575 781 642 quae
808 555 847 623 de
873 555 924 624 hin
951 556 1047 624 reiut
1074 557 1232 645 disputant

182 685 342 740 oratorum
359 692 433 739 esse
451 670 771 771 conceduntltaque
790 684 912 740 ceteros
932 673 1032 742 libror
1052 678 1130 742 artie
1151 694 1230 743 suae

180 793 324 868 nomine,
346 789 405 856 hos
423 789 599 857 rhetoricos
619 799 651 857 et
669 790 843 857 interibant
858 801 890 857 et
906 791 1084 879 appellant.
1115 791 1167 857 te.
1189 788 1230 859 Et

181 910 266 974 enim
288 928 381 994 quom
402 907 453 973 illi
473 910 507 972 in
529 908 661 974 dicendo
683 908 850 976 inciderint
873 909 947 987 loci,
972 910 1055 995 quod
1074 928 1227 997 persaepe

146 1099 147 1102 Ἴ
179 1028 299 1102 evenit,
325 1035 358 1090 ut
384 1024 423 1090 de
450 1025 513 1091 diis
541 1025 767 1092 immortalibus
795 1026 834 1092 de
856 1028 971 1113 pietate
996 1026 1035 1092 de
1056 1026 1229 1118 eoncordia

178 1144 221 1208 de
244 1144 384 1208 amicitia
410 1142 449 1207 de
472 1145 626 1209 communi
649 1145 763 1210 civium
788 1143 827 1208 de
848 1142 1007 1209 hominum
1029 1142 1067 1208 de
1089 1145 1227 1227 gentium

177 1263 249 1326 iure
275 1259 314 1325 de
341 1261 499 1345 aequitate
527 1260 566 1325 de
593 1263 799 1347 temperantia
823 1232 874 1327 de·
889 1259 1103 1345 magnitudine
1130 1261 1228 1327 animi

179 1377 222 1443 de
244 1380 326 1444 omni
345 1379 469 1444 virtutis
489 1396 607 1461 genere
629 1381 671 1444 sit
695 1377 874 1455 dicendum,
900 1375 1094 1453 clamabunt,
1120 1376 1227 1453 oredo,

173 1496 287 1561 omnia
303 1497 471 1579 gymnasia
490 1503 583 1580 atque
603 1514 712 1561 omnen
727 1491 983 1581 philosophorum
999 1491 1143 1569 sedulae,
1166 1512 1227 1559 aua

177 1616 254 1677 esse
274 1610 355 1678 haee
377 1614 483 1679 omnia
501 1607 643 1698 propria,
664 1610 745 1678 nihil
766 1613 891 1677 omniuo
913 1609 1133 1693 adoratorem
1153 1628 1224 1695 per·

179 1830 399 1886 61171173.-
432 1832 530 1900 redae]
552 1849 606 1885 om.
627 1827 679 1883 Gn.
698 1830 723 1884 1.
741 1856 778 1871 ·-·
813 1830 978 1897 oratorum]
1003 1827 1108 1882 horum
1127 1826 1178 1882 Gn.
1196 1827 1221 1883 6.

178 1915 230 1986 Lg.
249 1915 273 1970 2.
292 1918 323 1971 4.·
334 1917 376 1972 13.
394 1915 429 1970 31
446 1935 517 1972 corr.
536 1916 572 1970 36
590 1932 678 1981 cora,
699 1914 774 1983 quod
793 1930 830 1967 ex
848 1913 920 1967 male
939 1913 1079 1968 intellecto
1095 1929 1223 1983 compen·

175 2000 224 2053 dio
242 2002 358 2057 vitiosae
376 2003 530 2072 scripturae
549 1999 724 2054 iteratorum
742 1997 837 2064 fluxit,
855 2014 927 2067 qnae
944 1998 1005 2068 tpoa
1020 1998 1120 2068 legitur
1137 1996 1219 2053 true

170 2087 195 2138 'a
216 2102 270 2140 sec.
292 2103 326 2141 m.
345 2114 382 2128 -—-
418 2086 543 2153 eeteros]
572 2090 669 2138 eertoe
699 2083 822 2138 nonnulli
849 2081 900 2153 Lg.
928 2089 1058 2136 coeteros
1082 2082 1108 2135 6.
1145 2087 1221 2137 caet.

175 2168 240 2222 vltl
260 2169 331 2225 iibri.
347 2197 383 2212 —
420 2174 497 2223 artis
515 2170 599 2236 eoae]
623 2172 701 2222 artie
718 2172 772 2222 tert
787 2184 858 2221 eane
880 2167 981 2221 vitione
999 2168 1098 2222 tectum
1117 2168 1145 2221 in
1163 2167 1222 2236 qut·

174 2254 289 2311 busdam
307 2255 386 2309 edd:
414 2258 469 2308 tert
486 2252 564 2307 abest
582 2270 600 2306 a
615 2252 667 2324 Lg.
686 2251 824 2318 omuibus,
847 2251 898 2307 Gn.
916 2253 941 2307 1.
959 2251 983 2306 1.
1001 2251 1027 2308 6.
1046 2253 1115 2306 vtet
1136 2266 1220 2320 quau·

174 2355 258 2406 qnam
276 2340 305 2391 in
321 2338 373 2409 Lg.
392 2338 437 2391 66.
457 2355 475 2389 a
493 2354 546 2391 see.
566 2354 600 2392 m.
623 2346 796 2407 exponetum.
830 2339 933 2391 artetid
949 2340 1025 2390 artie
1043 2351 1097 2389 suo
1121 2333 1173 2405 ng.
1192 2335 1219 2390 4.

174 2421 250 2474 Vict.
274 2439 291 2472 a
308 2438 344 2475 m.
364 2437 422 2473 sec.
456 2424 518 2472 arnt
546 2419 596 2490 ug.
618 2421 660 2475 16.
680 2422 723 2477 66.
748 2422 799 2475 Gn.
815 2423 841 2476 6.
863 2421 899 2476 U.
937 2438 991 2475 ruo
1013 2420 1064 2475 Gra
1083 2420 1110 2474 6.
1127 2418 1164 2473 U.
1183 2443 1219 2459 -

178 2502 360 2573 inpendunt]
379 2501 511 2556 nminat
528 2501 578 2574 ng.
590 2505 615 2557 3.
628 2506 652 2560 d
664 2507 744 2560 616.
758 2506 801 2561 67.
820 2512 850 2558 et
860 2514 930 2596 pute
948 2510 1036 2560 tneor.
1055 2520 1109 2558 om.
1127 2501 1218 2556 (16.1.

263 2620 305 2676 56.
342 2623 479 2688 etenim]
499 2623 540 2674 sic
557 2620 606 2693 Lg.
626 2622 649 2678 2.
674 2624 726 2678 Gu.
744 2623 769 2678 6.
792 2638 826 2674 eo
842 2623 925 2674 enim
943 2619 994 2675 Gn.
1008 2624 1034 2676 1.
1057 2633 1124 2671 oum
1141 2618 1219 2669 enim

172 2703 224 2760 tllt
252 2703 303 2776 Lg.
322 2706 346 2759 6
365 2706 408 2760 lo.
428 2706 470 2760 23.
489 2705 530 2760 nt.
550 2705 591 2762 67.
612 2708 653 2763 69.
671 2708 714 2764 86.
751 2722 840 2777 quom
857 2707 936 2758 enim
952 2704 977 2759 5.
995 2702 1037 2759 65.
1053 2701 1096 2756 81.
1132 2715 1219 2772 poem

169 2792 253 2841 enim
270 2788 296 2843 6.
331 2807 420 2859 quom
437 2794 516 2844 eadm
535 2791 584 2845 ttlt
605 2793 647 2846 21.
666 2793 707 2849 73.
742 2811 831 2864 prtem
850 2810 936 2846 ertum
955 2790 995 2845 70.
1031 2787 1134 2856 Utique
1153 2785 1219 2839 acri·

168 2872 290 2926 bendum
314 2891 410 2943 quom.
423 2904 466 2935 ,-
501 2875 580 2945 diis]
607 2876 655 2930 die
682 2876 732 2947 Lg.
752 2876 776 2931 5.
796 2878 821 2932 6.
842 2876 884 2931 15.
902 2878 944 2931 16.
964 2876 998 2928 tt
1016 2890 1085 2927 corr.
1109 2871 1151 2927 65.
1172 2869 1215 2927 86.

169 2957 247 3025 qnod
265 2973 321 3011 nou
338 2960 471 3029 repudio,
489 2977 550 3014 curn
568 2961 664 3030 optimi
679 2960 741 3014 libri
753 2961 884 3028 offerunt,
900 2961 950 3016 sed
962 2978 1017 3014 non
1028 2958 1113 3028 magis
1126 2955 1215 3027 probo
1307 2968 1310 2971 ·

167 3041 276 3108 solum,
302 3058 381 3111 qnam
399 3048 442 3107 ei,
461 3049 520 3108 eie,
539 3044 669 3107 eisdem,
688 3045 790 3099 isdem.
822 3046 905 3103 (duod
922 3045 1019 3099 Cicero
1036 3043 1102 3096 dicit
1119 3040 1215 3095 isdem

167 3142 228 3178 una
250 3126 358 3195 syllaba
380 3128 551 3198 pronuntiari
578 3129 606 3181 in
632 3125 753 3182 Oratore
775 3130 896 3196 47,157,
921 3147 977 3183 uon
998 3127 1155 3189 necessario
1176 3124 1215 3176 itn

167 3211 303 3278 seriptum
321 3227 383 3264 ease
402 3211 580 3267 demonstrat.
606 3210 703 3265 Probo
723 3210 857 3267 Orellium
875 3215 902 3266 in
919 3212 1059 3266 Addendis
1076 3211 1112 3263 ad
1129 3205 1215 3261 Aead.

166 3311 196 3363 p·
214 3292 257 3347 66.
286 3293 434 3349 Goerenuii
454 3296 608 3349 sententiae
627 3295 827 3350 adversantem.
845 3324 881 3338 -
912 3293 1142 3359 immortalibus]
1167 3294 1212 3345 da·

166 3383 258 3432 mort.
282 3376 333 3449 Lg.
354 3378 396 3433 ut.
415 3379 457 3434 69.
479 3379 521 3434 76.
539 3378 582 3436 84.
599 3407 635 3421 -
669 3382 832 3449 commeat]
851 3397 943 3434 eoam.
962 3379 1012 3450 Lg.
1029 3378 1071 3433 69.
1106 3375 1167 3431 Hoc
1184 3384 1213 3429 et

166 3477 245 3529 seqq.
269 3470 386 3529 quatuor
408 3463 496 3516 verbo
518 3479 572 3518 om.
590 3464 631 3517 17.
652 3491 688 3503 -
721 3465 758 3518 de
779 3473 842 3518 onte
862 3463 1014 3521 dominum
1033 3472 1061 3516 et
1078 3464 1211 3533 pennum

167 3562 222 3598 om.
239 3544 310 3598 Viet.
329 3562 385 3600 uon
403 3547 483 3602 mete.
501 3573 538 3587 ·-
561 3547 598 3601 de
615 3549 712 3615 omni]
730 3548 768 3601 de
784 3565 838 3602 om.
858 3548 1002 3602 (11.1-
1028 3547 1127 3614 eredo]
1148 3561 1209 3599 ere·

166 3628 243 3682 duat
259 3628 312 3686 Gu.
323 3629 350 3683 6.
380 3629 453 3684 Gom
470 3630 682 3685 44444Μηί-
693 3632 826 3687 clamaret
841 3629 946 3686 Bakiua
961 3630 1105 3702 legendnm
1122 3636 1209 3698 putat,

166 3713 242 3781 quod
269 3715 408 3784 posteriue
437 3717 600 3769 sententiam
627 3715 726 3784 perdit.
773 3715 878 3769 Evenit
906 3731 957 3786 pro
984 3713 1133 3784 praeterito
1160 3709 1208 3763 ha·

164 3796 258 3853 buisae
279 3798 399 3852 videtur.
437 3798 510 3852 Oum
532 3798 692 3852 inciderint
710 3808 753 3853 est
772 3804 1006 3870 quotiescunque.
1024 3825 1061 3838 -
1095 3793 1206 3860 omnen]

164 3898 219 3935 om.
244 3881 539 3952 Lg.1t.15.ue.ee.
564 3888 696 3938 omnium
714 3883 757 3938 81.
779 3911 815 3925 -
851 3900 914 3937 eene
937 3880 1010 3937 leaeo
1033 3879 1144 3946 omnia]
1167 3878 1216 3931 tie.

165 3962 216 4036 Lg.
234 3964 314 4019 xvtl
331 3964 579 4035 herroneorum,
600 3977 629 4022 et
647 3968 802 4022 Lambinus.
823 3968 863 4021 ita
878 3982 947 4021 corr.
964 3965 1006 4019 35.
1033 3965 1134 4016 omnia
1152 3976 1205 4015 orn.

162 4047 251 4106 Gnl.
272 4047 404 4124 Propria
414 4051 594 4123 interpretem
605 4052 722 4108 redolet.
731 4079 767 4094 -
785 4049 946 4113 oratorem]
958 4053 1085 4100 retorem
1096 4043 1179 4096 Gai.
