2942 4608
393 326 452 395 DE
479 322 711 411 nunnoni-2
735 323 860 394 LIBER
880 324 933 394 ΠΙ.
955 327 985 395 9.
1112 326 1202 402 461

160 507 328 588 propterea
359 496 442 584 quod
452 494 962 601 Q9.⁸¹ffl⁰l⁸ffi¹fflffl
988 503 1037 583 est
1067 505 1099 561 et
1124 483 1255 591 (1111-’ἰΔ

162 616 281 682 oulino
311 616 350 681 de
381 633 417 680 se
448 616 580 701 quisque
613 614 726 692 seutit3
758 612 817 679 sed
847 622 952 679 tumen
982 612 1204 679 dissimilitudo

162 732 297 817 intelligi
320 741 422 819 potest
453 741 484 797 et
509 751 549 798 ex
574 739 676 796 motus
701 731 764 797 mei
789 729 1005 796 mediocritate
1031 740 1062 796 et
1089 750 1128 796 er
1153 749 1203 808 eo,

160 848 259 936 quud,
286 849 398 935 quibus
423 849 568 933 uestigiis
593 848 725 935 primum
750 848 865 924 institi,
894 848 928 912 iu
953 848 995 912 iis
1021 846 1088 913 iere
1114 846 1204 913 soleo

160 985 325 1054 perorare,
352 958 387 1031 et
408 964 492 1052 quod
520 963 679 1049 aliquanto
706 983 756 1029 me
782 965 885 1031 maior
910 966 947 1063 iu
967 963 1074 1031 verbis
1100 968 1205 1051 [quum

161 1086 196 1150 in
221 1084 396 1161 sententiis]
429 1081 585 1165 eligendis
610 1080 704 1148 labor
731 1091 763 1149 et
789 1099 866 1148 eura
890 1091 1012 1168 torquet
1035 1090 1204 1160 verentem,
1236 1157 1239 1162 ¹
1347 1120 1349 1126 =

161 1220 219 1278 ne,
252 1202 281 1265 si
312 1198 419 1286 paullo
451 1197 623 1265 obsoletior
653 1198 747 1265 fuerit
778 1200 893 1277 oratio,
925 1208 990 1264 nom
1021 1198 1118 1283 digna
1150 1218 1232 1265 er-⁴
1307 1232 1313 1241 -

163 1319 356 1405 spectatione
383 1325 413 1381 et
440 1315 565 1381 silentio
591 1315 691 1383 fuisse
715 1316 868 1384 rideatur.
916 1313 968 1381 34.
1000 1298 1146 1394 Quodsi
1172 1317 1206 1382 iu

113 1478 120 1487 .
162 1434 270 1511 nobis,
296 1434 349 1520 qui
376 1451 535 1510 assumus,
550 1441 666 1503 <tautae
693 1432 979 1511 dissimilitudines,
1008 1441 1073 1499 tam
1100 1444 1206 1500 certae

162 1570 216 1618 res
248 1552 397 1637 cuimque
428 1551 574 1636 propriae
612 1558 642 1614 et
677 1550 710 1613 in
741 1568 784 1614 ea
809 1553 970 1617 verietate
994 1549 1062 1618 fere
1092 1552 1205 1618 melius

164 1689 185 1736 u
207 1669 361 1735 deteriore
382 1665 532 1732 facultate
553 1666 657 1750 magis
683 1684 776 1752 quum
800 1684 917 1752 genere
939 1667 1139 1753 distinguitur
1160 1679 1207 1735 st-

163 1804 225 1871 que
253 1803 343 1850 omne
369 1783 528 1861 laudatur,
556 1783 639 1879 quod
664 1784 699 1875 in
725 1802 783 1849 suo
808 1802 925 1868 genere
949 1784 1120 1871 perfeetum
1142 1795 1206 1853 est:

164 1901 239 1989 quid
266 1903 417 1979 censetis,
450 1903 479 1965 si
505 1918 641 1978 omues‚·
660 1901 713 1986 qui
744 1898 858 1986 ubique
890 1910 961 1966 sunt
992 1912 1046 1968 eut
1074 1901 1206 1982 fuerunt,

163 2029 306 2088 oratores
328 2016 473 2105 amplecti
493 2017 708 2083 voluerimust
734 2035 838 2083 noune
860 2016 943 2096 fore,
968 2027 1002 2084 ut
1023 2030 1110 2105 quot,
1133 2039 1206 2087 oru-

161 2148 267 2216 tores‚
297 2136 425 2203 totidem
456 2154 557 2221 paene
591 2137 787 2222 reperiuntur
816 2153 937 2218 genera
967 2135 1116 2209 diuendit
1158 2136 1206 2205 Ex

163 2274 227 2342 qun
251 2274 324 2320 mea
349 2253 556 2340 disputatione
589 2236 726 2317 forsitan
754 2261 897 2317 occurrat
923 2253 1020 2330 illud,
1052 2255 1080 2318 si
1104 2231 1225 2339 poene

128 2379 131 2389 '
163 2368 409 2436 innumerabiles
425 2370 488 2433 sint
508 2367 600 2453 quasi
619 2366 740 2432 lormae
757 2366 938 2453 figuraeque
960 2367 1086 2433 dicendi
1101 2373 1207 2455 speeie

165 2488 309 2581 dispares
330 2503 447 2570 genere
468 2480 663 2560 laudabiles,
683 2500 748 2548 non
767 2500 863 2568 posse
885 2502 940 2562 ea,
967 2503 1048 2570 quae
1069 2487 1151 2552 iuter
1171 2508 1206 2556 se
1321 2579 1325 2584 .

165 2724 197 2777 tn
213 2719 369 2775 sententiis
384 2717 469 2773 luder
484 2715 574 2771 llsvu.
589 2716 613 2774 1.
631 2715 684 2772 Gn.
699 2716 724 2771 2.
743 2715 795 2787 Lg.
809 2716 852 2773 84.
882 2721 915 2773 tn
930 2715 1026 2775 oerdts
1042 2723 1072 2773 et
1089 2721 1122 2774 tn
1134 2727 1206 2778 sent.

165 2805 232 2879 eltq.
246 2820 337 2876 quum
348 2803 433 2858 lotor
450 2802 540 2858 flavo.
554 2803 580 2859 2.
600 2801 668 2857 VSt.
688 2801 767 2857 (tout.
782 2821 808 2856 o.
822 2818 843 2856 ε.
856 2812 889 2872 ψ.
908 2800 959 2873 Lg.
972 2802 997 2857 3.
1013 2804 1029 2857 5
1042 2803 1105 2860 odd.
1123 2815 1152 2860 ut
1166 2806 1206 2862 15.

163 2890 190 2946 6.
210 2890 251 2945 16.
269 2889 313 2944 26.
328 2888 373 2955 21.
391 2887 434 2942 35.
451 2887 495 2941 65.
514 2887 556 2941 76.
574 2885 616 2943 76.
634 2886 694 2951 el..
718 2886 800 2940 modo
818 2886 892 2955 quod
909 2903 995 2957 quem
1016 2891 1103 2943 estin
1121 2890 1146 2946 3.
1163 2892 1206 2948 21.

165 2983 198 3028 et
217 2977 248 3028 tn
272 2981 337 3027 oute
362 2975 518 3027 sententtts
542 2988 595 3028 om.
619 2970 645 3027 3.
669 2971 712 3028 26.
734 2986 795 3028 vec.
819 2970 876 3040 73„
903 2972 976 3026 unde
998 2970 1208 3044 Melouchthou,

165 3074 247 3129 quem
263 3057 387 3126 sequitur
397 3056 572 3129 laesissem
588 3054 685 3111 oerdts
702 3063 731 3110 et
749 3060 781 3111 tn
796 3060 949 3112 sententiis
964 3055 1106 3130 eltqendts
1124 3060 1208 3116 labor

163 3142 237 3199 iecit.
273 3146 305 3198 tn
327 3138 422 3195 oerdts
448 3146 478 3193 et
501 3145 534 3196 tn
556 3146 628 3197 sent.
653 3139 722 3196 tutuo
744 3142 812 3213 eltq.
836 3141 921 3196 tader
943 3142 969 3197 d.
1000 3141 1048 3214 Lg.
1074 3145 1207 3217 plerique.

164 3231 197 3282 tn
212 3225 308 3281 oerbts
332 3232 362 3279 et
382 3229 415 3281 tn
431 3232 503 3280 sent.
521 3241 612 3296 quum
627 3226 788 3281 Antonium
806 3225 963 3305 luboralrg.
983 3226 1023 3281 15.
1042 3227 1084 3282 24.
1102 3227 1145 3284 86.
1163 3231 1206 3287 93.

164 3313 227 3368 odd
245 3310 386 3381 antiquiss.
407 3327 460 3382 ung.
484 3310 557 3367 crat.
581 3318 610 3365 et
632 3328 722 3382 quom
742 3310 819 3366 duno
839 3310 896 3378 17„
918 3310 992 3364 uude
1013 3310 1092 3367 Meu.
1111 3312 1207 3371 humb.

164 3396 242 3452 Grut.
261 3412 350 3467 quom
368 3411 436 3450 eum
452 3394 551 3459 lotor,
576 3396 664 3464 quod,
687 3397 711 3450 si
732 3405 808 3450 reste
826 3395 938 3449 enotavi
963 3396 990 3448 in
1008 3396 1071 3451 loco
1090 3398 1208 3457 obscuro

166 3489 194 3534 et
210 3481 358 3552 moliente,
376 3481 458 3534 etium
475 3481 503 3534 lu
521 3479 571 3551 Lg.
586 3478 628 3536 23.
643 3480 684 3536 32.
701 3480 745 3536 67.
763 3481 844 3546 inest,
861 3479 913 3533 nisi
931 3480 1005 3550 quod
1021 3499 1108 3573 quern
1125 3484 1159 3539 32
1171 3504 1207 3544 m.

164 3581 231 3631 seo,
248 3564 465 3636 exsculpserunt.
494 3563 545 3618 lllu
561 3581 652 3634 quam
669 3569 702 3619 tn
719 3568 874 3619 sententiis
892 3582 953 3619 oum
968 3562 1075 3622 Orellio
1092 3577 1120 3623 et
1136 3569 1210 3627 Heu·

164 3648 292 3705 richseno
311 3648 419 3709 Junciuis
442 3649 603 3720 saepsimus.
626 3677 662 3689 ·-
690 3648 860 3718 obsoletior]
887 3648 1039 3706 obscurior
1059 3652 1110 3726 ng.
1129 3654 1164 3709 84
1180 3673 1208 3713 v.

165 3750 193 3789 u.
212 3742 232 3789 t.
250 3760 286 3774 -
309 3737 531 3804 exspectatione
547 3740 577 3788 et
594 3733 726 3802 sttentto]
746 3735 802 3789 inv.
821 3732 871 3805 [ις.
889 3734 931 3791 35.
948 3735 991 3793 93.

251 3815 293 3870 34.
329 3818 481 3886 assumus}
498 3817 538 3872 sic
554 3817 605 3890 Lg.
622 3821 648 3875 3.
668 3819 693 3874 6.
715 3818 756 3874 14.
775 3818 816 3874 15.
836 3818 876 3874 16.
894 3819 936 3875 20.
954 3820 996 3878 tt
1014 3821 1057 3879 81.
1074 3820 1118 3880 el.
1136 3825 1210 3882 Vlct.

166 3900 219 3956 Gn.
231 3900 257 3956 2.
273 3927 310 3940 —-
326 3917 416 3970 qnam
433 3902 548 3973 uenere]
566 3920 620 3958 om.
637 3902 687 3975 [ις.
702 3904 744 3959 76.
769 3920 874 3977 qenere
891 3922 945 3960 om.
964 3906 1034 3963 vict.
1048 3937 1085 3948 —
1103 3909 1210 3965 dtsttn·

165 3986 279 4059 quattuor]
298 3984 522 4057 distinquuntur
537 3985 588 4059 Lg.
605 3988 648 4043 67.
669 4019 700 4029 -
725 3991 831 4056 nonne]
847 3991 888 4044 sio
903 3989 953 4062 Lg.
971 4002 1081 4060 praeter
1097 3993 1122 4047 3.
1140 3995 1165 4050 5.
1184 3994 1210 4048 6.

166 4070 227 4138 81.,
245 4071 292 4141 qui
308 4087 370 4125 cum
383 4069 445 4125 edd.
465 4080 531 4124 ante
541 4071 703 4128 bumblnum
716 4090 843 4138 numne,
861 4074 913 4129 uisi
931 4075 1006 4142 quod
1020 4075 1062 4130 81.
1081 4091 1153 4128 nom
1164 4090 1211 4138 roe,

168 4171 238 4212 corr.
256 4166 286 4213 ut
302 4156 413 4231 plurimi
429 4154 541 4213 hubent.
558 4187 595 4200 —
617 4160 816 4231 repertantur]
836 4161 1042 4230 repperiantur
1058 4157 1109 4226 [ις.
1122 4157 1165 4213 20.
1178 4184 1213 4200 ·-
