2968 4596
264 337 331 410 30
584 322 587 325 ·
659 327 915 437 ctcsaouts

265 506 328 571 lon
356 501 502 577 meliora,
530 500 588 566 sed
615 500 708 566 etiarn
735 500 830 568 multo
856 501 948 587 plura
974 501 1177 568 Aristotelem
1204 460 1312 570 Theo-

263 623 482 711 phrastumque
505 619 543 683 de
558 620 628 684 istis
645 617 755 696 rebus,
777 638 870 704 quant
886 620 986 685 omnis
1002 619 1126 686 dicendi
1142 621 1313 705 magistros

264 740 431 826 scripsisse
461 736 668 803 ostenderent.
720 734 773 800 tt.
805 735 926 803 Missos
959 736 1044 803 facio
1074 737 1312 804 mathematicos

262 857 485 943 grammaticos
506 856 658 929 musicos
681 874 810 939 quorum
832 854 951 920 artibus
972 866 1079 922 vestra
1100 858 1164 921 ista
1185 855 1311 922 dicendi
1412 848 1417 855 ’

261 979 310 1043 vis
338 994 377 1041 ne
406 975 533 1039 minima
561 972 685 1059 quidem
711 973 862 1038 societate
889 975 1094 1057 coniungitur.
1139 971 1241 1052 Quam
1269 973 1310 1040 ob

265 1114 332 1161 rem
354 1095 416 1158 ista
436 1102 524 1157 tanta
542 1100 666 1175 tamque
683 1088 779 1155 multa
795 1090 980 1176 profitenda,
1004 1089 1135 1170 Crasse,
1157 1093 1222 1158 non
1236 1111 1312 1157 cen-

263 1232 329 1278 seo.
373 1208 460 1276 Satis
490 1208 522 1274 id
549 1217 597 1275 est
618 1225 778 1292 magnum,
807 1207 890 1294 quod
910 1220 999 1295 potes
1019 1219 1196 1295 praestaro,
1223 1219 1256 1275 ut
1277 1210 1311 1274 in

264 1330 389 1396 iudiciis
413 1347 453 1393 ea
475 1345 587 1403 causa,
610 1344 823 1412 quancunque
844 1336 878 1392 tu
899 1326 992 1403 diois,
1015 1327 1176 1394 melioret
1195 1326 1312 1413 proba-

260 1447 357 1513 bilior
388 1465 460 1511 esse
490 1444 650 1520 videatnr3
681 1451 714 1508 ut
743 1446 776 1508 in
804 1444 1001 1511 contionibus
1030 1454 1061 1510 et
1086 1447 1120 1510 in
1147 1446 1310 1512 sententiis

262 1563 403 1631 dicendis
437 1562 478 1627 ad
509 1560 757 1649 persuadendum
788 1572 843 1627 tna
868 1562 1031 1649 plurimum
1055 1563 1164 1628 valeat
1190 1564 1310 1640 oratio;
1406 1622 1413 1635 ,

261 1683 394 1770 denique
417 1691 450 1747 ut
470 1679 671 1768 prudentibus
693 1680 824 1758 diserto,
847 1679 948 1746 studiis
971 1682 1064 1746 etiarn
1084 1701 1158 1747 vere
1178 1680 1307 1747 videare

346 1938 387 1989 44.
423 1932 533 1999 oestro]
566 1935 671 1983 nostro
701 1928 750 1999 ng.
776 1928 818 1983 66.
843 1928 885 1983 86.
919 1929 970 1988 Gu.
992 1931 1018 1984 3.
1038 1959 1074 1970 -
1109 1931 1310 2002 coninantnr]

261 2021 444 2089 continpiinr
464 2015 535 2070 Pali.
557 2015 621 2067 Tos.
642 2012 715 2067 Pitb.
737 2013 826 2067 Havn.
850 2014 872 2067 1.
895 2015 920 2070 2.
945 2016 971 2070 3.
997 2015 1054 2070 nrt.
1075 2016 1097 2071 1.
1117 2015 1142 2070 2.
1169 2015 1221 2070 Gu.
1241 2015 1263 2070 l.
1283 2015 1307 2071 2.

260 2105 318 2161 tiri.
334 2103 395 2158 Ald.
408 2102 480 2154 Vici.
499 2101 591 2168 itaque
611 2106 674 2167 post
691 2097 768 2152 Grut.
789 2099 942 2170 vulgatum,
963 2100 1037 2170 quod
1054 2099 1178 2171 Madvig.
1197 2100 1310 2154 latinum

262 2207 322 2244 esse
347 2195 423 2241 recte
446 2185 565 2255 negavit.
588 2182 687 2235 Verior
706 2184 841 2254 scriptura
861 2193 970 2254 praeter
991 2184 1099 2238 Pearcii
1121 2186 1218 2251 codd,
1244 2185 1307 2240 edd.

260 2273 397 2344 antiquiss.
418 2271 487 2323 litut.
509 2268 582 2323 Crat.
600 2267 694 2321 Lamb.
720 2285 792 2321 nttnc
814 2270 951 2340 reperitur
971 2272 998 2324 in
1018 2270 1066 2341 Lg.
1087 2270 1210 2325 omnibus
1229 2286 1310 2341 prae-

259 2370 302 2414 ter
326 2357 526 2425 antiquissimos
552 2363 580 2408 et
603 2355 760 2421 ceteroquin
784 2355 901 2424 optimos
925 2354 948 2409 2.
969 2356 993 2409 4.
1014 2355 1055 2409 13.
1073 2355 1116 2409 36.
1138 2356 1201 2408 item
1218 2354 1243 2409 5.
1262 2354 1307 2410 81.

259 2446 287 2499 in
313 2460 367 2513 quo
390 2442 452 2495 add.
474 2450 603 2509 tanquam
622 2455 681 2493 var.
701 2439 803 2505 3132,
827 2441 857 2517 in
877 2456 931 2509 quo
951 2441 989 2493 ita
1007 2457 1076 2495 corr.
1095 2457 1129 2496 tn.
1147 2457 1202 2494 sec.
1237 2456 1307 2494 con-

259 2533 393 2601 innpitnr
416 2530 533 2579 sociata
561 2524 633 2578 Vict.
663 2522 712 2576 sed
744 2523 797 2578 boc
821 2527 928 2596 punctis
953 2525 1110 2597 suppositis.
1150 2528 1308 2596 contigerit

258 2614 309 2669 Gn.
328 2615 353 2669 3.
372 2643 408 2652 -
439 2610 620 2684 profitendo]
641 2624 705 2661 esse
721 2609 798 2662 addit
815 2609 865 2680 Lg.
882 2609 923 2665 76.
941 2640 978 2652 ·-
1012 2610 1046 2664 id
1062 2610 1119 2677 est]
1140 2616 1186 2662 est
1204 2610 1238 2666 id
1255 2608 1307 2680 Lg.

256 2699 283 2753 2.
300 2727 336 2741 —
368 2698 466 2769 potes]
485 2701 584 2768 potest
601 2693 651 2764 Lg.
671 2693 695 2747 2.
714 2695 739 2747 3.
758 2695 783 2747 4.
804 2694 846 2748 26.
864 2693 906 2749 32.
923 2693 966 2749 35.
986 2694 1028 2748 36.
1051 2711 1104 2749 orn.
1124 2693 1149 2749 6.
1167 2724 1202 2735 —-
1238 2711 1305 2749 con·

257 2782 397 2850 tionibus]
415 2782 455 2834 sie
472 2781 522 2850 hg.
541 2779 566 2834 2.
585 2779 627 2833 35.
646 2776 688 2831 36.
708 2775 751 2833 65.
765 2777 807 2832 67.
824 2778 865 2833 76.
882 2780 921 2833 73.
938 2777 978 2833 76.
991 2779 1034 2834 81.
1049 2778 1091 2834 64.
1103 2779 1146 2834 Sti.
1167 2778 1218 2834 Gu.
1231 2780 1255 2833 3.
1270 2807 1306 2820 -

256 2875 286 2920 et
304 2871 336 2920 in
354 2866 520 2932 sententiis]
544 2866 582 2918 ita
600 2863 652 2917 Gu.
671 2862 696 2916 2.
716 2864 741 2916 3.
767 2861 825 2916 Eri.
846 2862 868 2918 1.
890 2863 916 2917 2.
940 2863 997 2917 Ert'.
1016 2863 1080 2918 Scir.
1102 2862 1150 2919 Or.
1169 2863 1253 2918 Henr.
1272 2869 1307 2916 nt

257 2957 289 3008 in
307 2969 329 3005 s.
352 2950 441 3004 ann.
463 2949 486 3004 l.
505 2949 531 3004 2.
553 2949 613 3001 ΑΙ3.
633 2946 703 3001 tunt.
719 2947 792 3001 Grnt.
810 2946 889 3002 Man.
910 2951 941 3002 in
960 2965 1012 3003 om.
1031 2947 1080 3020 ng.
1101 2966 1210 3015 onmes,
1229 2946 1304 3005 Oxn.

256 3037 319 3090 edd.
338 3036 477 3104 antiquiss.
497 3032 592 3087 Lamb.
614 3031 690 3086 Grut.
710 3031 793 3098 lien,
815 3050 867 3085 nec
884 3051 950 3086 sane
966 3035 1157 3087 necessarium.
1188 3032 1306 3087 Minime

256 3123 328 3175 enim
352 3137 422 3191 opus
441 3118 541 3171 omissa
558 3116 762 3187 praepositione
782 3117 917 3171 dicendis
938 3118 1020 3171 etiam
1037 3119 1073 3171 ad
1091 3123 1245 3172 conciones
1262 3134 1305 3170 re-

254 3208 335 3273 ferri,
354 3205 536 3271 haereretque
553 3200 679 3272 protecto
699 3218 779 3254 nemo
798 3202 909 3255 inverso
928 3203 1025 3257 ordine
1043 3204 1178 3257 dicendis
1189 3209 1305 3256 sentem

255 3294 369 3345 1173.-
398 3287 537 3342 discendis
556 3285 605 3356 Lg.
625 3284 649 3339 6.
668 3314 704 3324 -
732 3284 842 3355 caleat]
862 3287 940 3341 nolet
959 3286 1007 3360 bg.
1023 3287 1048 3342 6.
1068 3289 1102 3341 24
1114 3305 1184 3342 corr.
1202 3287 1246 3342 69.
1259 3286 1304 3341 61.

255 3375 307 3428 Gn.
325 3374 350 3429 2.
367 3403 402 3414 -
436 3372 547 3440 sinitis]
566 3370 721 3439 stultisque
739 3370 790 3426 Gu.
810 3371 833 3426 2.
852 3399 887 3413 -
918 3372 1038 3426 videare
1057 3373 1166 3442 disere]
1184 3376 1224 3427 sic
1239 3373 1307 3426 seri·

252 3459 370 3513 bendum
395 3457 445 3510 init
469 3474 504 3510 ex
527 3456 578 3527 Lg.
600 3455 626 3509 3.
648 3455 672 3509 5.
696 3455 735 3509 14.
760 3455 801 3510 15.
824 3455 987 3512 161726.
1009 3457 1051 3513 21.
1071 3457 1114 3513 23.
1135 3458 1177 3513 24.
1195 3458 1239 3513 35.
1258 3457 1304 3515 65.

252 3545 295 3600 ot.
315 3543 356 3598 69.
377 3543 418 3596 to.
437 3542 478 3596 73.
497 3541 539 3596 84.
558 3539 600 3594 86.
620 3539 679 3605 93,
702 3541 853 3610 eodemque
873 3542 987 3595 redeunt
1004 3543 1125 3596 videare
1144 3545 1260 3598 edicere
1276 3545 1302 3599 4.

251 3631 383 3685 videaris
408 3628 505 3681 dicere
528 3642 598 3679 corr.
620 3625 735 3678 edicere
755 3624 779 3680 2.
817 3626 921 3680 videor
941 3626 1038 3680 dicere
1055 3627 1081 3683 6.
1117 3631 1222 3683 videor
1238 3629 1303 3682 edi-

252 3733 319 3768 cere
337 3715 377 3768 13.
398 3712 441 3767 36.
469 3720 585 3780 uterque
610 3727 680 3763 corr.
706 3719 735 3764 ut
750 3711 776 3766 3.
803 3710 846 3765 Gu
874 3713 899 3766 3.
936 3711 1027 3783 Vulgo
1044 3713 1191 3778 videaris,
1214 3715 1303 3769 minus

187 3842 190 3847 .
251 3808 464 3853 consentaneum
487 3797 556 3851 mori
580 3794 727 3873 Ciceronis.
750 3826 785 3838 -
819 3801 849 3852 si
870 3798 942 3868 quid
962 3802 1088 3871 poteris]
1113 3803 1227 3869 siquis
1250 3799 1302 3872 Lg.

254 3882 294 3935 15.
317 3883 357 3937 73.
392 3884 504 3954 poterit
527 3881 552 3934 2.
573 3880 598 3931 4.
616 3878 642 3932 'b
665 3878 705 3935 13.
727 3881 767 3936 15.
786 3884 828 3938 24.
847 3882 889 3938 36.
909 3883 951 3938 69.
975 3884 1046 3937 Vici.
1067 3884 1120 3957 Gn.
1138 3887 1180 3951 3.,
1204 3887 1304 3939 iniuria

252 3967 485 4019 accommodatum
508 3967 544 4018 od
566 3980 606 4032 sq.
632 3964 785 4022 uidebitur.
823 3968 878 4026 (lui
897 3969 1062 4038 scripserunt
1083 3973 1165 4038 pois,
1190 3986 1303 4039 praeoe-

252 4050 320 4102 dens
339 4048 394 4102 boe
412 4067 465 4121 pro
481 4048 640 4102 accusativo
657 4047 817 4107 babuerunt.
835 4080 871 4093 ν·-
905 4054 954 4121 id]
977 4060 1012 4105 nt
1036 4053 1088 4106 Gn.
1106 4056 1131 4107 3.
1150 4082 1185 4092 -
1221 4071 1303 4107 eom·

250 4136 351 4202 muni]
374 4135 514 4186 conmuni
531 4131 581 4201 ng.
601 4131 642 4184 24.
660 4131 702 4187 ott.
