2968 4596
274 304 338 376 aa
668 256 922 370 crcnuonrs

273 475 342 541 dius
362 484 414 540 aul
429 474 531 559 magis
546 475 703 560 proprium
718 473 933 549 humanitatis,
955 491 1047 559 quam
1069 492 1172 539 sermo
1195 472 1321 540 facetus

198 580 200 583 ⁵
275 612 313 658 ac
335 590 424 657 nulla
444 593 478 657 in
494 610 528 656 re
544 592 653 657 rudisl
683 589 749 658 Hoc
771 594 854 657 onim
875 611 937 656 uno
959 601 1154 677 praestamus
1175 591 1227 657 vel
1249 612 1321 656 ma-

274 712 355 775 nime
377 708 469 786 feris,
493 709 575 795 quod
597 708 804 796 colloquimur
824 712 905 775 iuter
925 729 984 775 nos
1003 719 1034 774 et
1049 708 1132 796 quod
1146 711 1322 796 exprimere

274 825 408 894 dicendo
441 847 538 892 sensa
562 847 738 916 possumus.
790 828 841 891 33.
874 825 975 906 Quam
1003 825 1043 892 oh
1070 846 1136 891 rem
1163 828 1232 912 quis
1258 825 1323 892 hoc

274 962 337 1011 non
363 946 430 1011 iure
457 948 585 1012 miretur
607 965 785 1031 summeque
807 947 842 1010 in
862 964 901 1011 eo
924 943 1150 1010 elaborandum
1172 962 1243 1008 esse
1267 963 1324 1009 ar·

273 1060 417 1140 bitretnr,
445 1073 490 1140 ut,
518 1083 579 1149 quo
606 1083 667 1129 uno
694 1061 836 1129 homines
863 1064 996 1128 maxime
1018 1061 1131 1128 bestiis
1150 1071 1323 1148 praestent,

274 1182 307 1248 in
333 1178 392 1248 hoc
419 1179 595 1249 hominibus
622 1182 699 1267 ipsis
722 1181 912 1248 antecellatl
955 1178 994 1246 Ut
1013 1199 1090 1246 uero
1112 1182 1176 1262 iam
1198 1178 1240 1244 ad
1261 1177 1324 1244 illa

173 1352 176 1356 a
275 1316 396 1364 summa
419 1302 597 1375 veniamus,
625 1318 705 1385 quae
726 1301 776 1365 uis
799 1299 865 1365 alia
885 1300 982 1387 poluit
1005 1307 1057 1364 aut
1079 1297 1239 1383 dispersos
1260 1294 1322 1361 ho-

274 1418 374 1481 mines
400 1434 493 1481 unum
520 1414 681 1482 inlocum
708 1436 903 1502 congregare
929 1427 981 1482 aut
1006 1415 1118 1481 alera
1140 1414 1322 1499 agrestique

273 1534 339 1600 vila
366 1532 406 1601 od
432 1531 513 1601 hunc
540 1532 705 1602 humanum
733 1534 847 1602 cultum
873 1533 1058 1619 civilemque
1086 1532 1240 1599 deducere
1266 1541 1322 1598 aut

274 1651 338 1718 lam
364 1653 538 1719 constitutis
566 1652 742 1721 civilatibus
770 1652 859 1737 leges
885 1651 1003 1716 iudicia
1024 1653 1095 1717 iura
1116 1649 1320 1715 describeres

274 1765 390 1856 66116
403 1789 442 1835 ne
455 1768 559 1858 plura,
575 1791 655 1857 quae
674 1780 744 1839 sunt
756 1790 857 1858 paene
873 1768 1129 1854 innumerabilia,
1146 1776 1321 1843 consecter,

275 1885 534 1974 comprehendam
560 1887 667 1966 hreui3
699 1886 746 1954 sic
776 1890 859 1955 enim
889 1897 991 1953 slmuo
1020 1886 1150 1974 perlecti
1182 1885 1320 1951 oratoris
1376 1927 1380 1931 ἡ

275 2002 489 2071 moderatione
521 2014 552 2071 et
582 2007 739 2092 sapientia
768 2024 831 2072 non
863 2003 965 2071 solum
994 2006 1093 2092 ipsius
1127 2003 1321 2087 dignitatem.

173 2150 176 2153 *
276 2117 333 2185 sed
358 2131 391 2186 el
416 2123 605 2210 privatorum
631 2123 832 2212 plurimorum
858 2131 889 2187 el
913 2124 1081 2189 universae
1106 2119 1321 2207 reipublicae

275 2235 408 2304 salutem
430 2242 563 2306 maxime
586 2243 747 2308 contineri.
785 2239 886 2320 Quam
909 2239 948 2305 ob
971 2259 1035 2305 rem
1057 2239 1191 2325 pergite,
1216 2235 1286 2302 uti
1304 2277 1322 2290 -

275 2355 360 2433 citis,
383 2354 602 2425 adolescentes
626 2369 717 2445 atque
739 2357 826 2426 inid
848 2356 995 2434 studium,
1018 2358 1132 2443 inquo
1155 2355 1246 2431 estis,
1269 2355 1321 2418 in-

276 2472 424 2552 cumbite,
451 2485 482 2541 ul
510 2486 541 2543 et
565 2475 656 2544 vobis
677 2476 790 2545 honori
812 2486 842 2542 et
865 2476 975 2544 amicis
996 2473 1121 2543 utilitati
1143 2483 1174 2539 eo
1194 2472 1242 2539 rei
1262 2490 1321 2562 pu-

274 2585 379 2661 blicae
402 2593 608 2664 emolumento
630 2615 702 2664 esse
724 2595 863 2685 possitis.

276 2839 400 2897 melseo.
423 2870 458 2883 -
491 2844 648 2917 meditere]
678 2847 831 2899 mediteris
859 2844 910 2916 ng.
929 2841 972 2897 61.
1000 2841 1051 2897 Gn.
1072 2839 1098 2896 2.
1121 2868 1157 2881 -
1191 2835 1241 2910 αθ]
1267 2844 1321 2893 Μ

276 2928 361 3001 logii
385 2948 443 2986 var.
468 2938 498 2986 et
518 2941 606 3004 atque
631 2935 672 2992 23.
692 2965 728 2978 -·
763 2932 969 3007 colloquimur]
995 2932 1197 3004 conloquimur
1223 2933 1272 3005 Lg.
1293 2933 1320 2986 5.
1441 2992 1445 3011 Ι

275 3019 319 3075 65.
338 3021 379 3077 76.
400 3023 440 3080 73.
478 3023 625 3094 loquimur
644 3030 668 3084 4.
687 3028 722 3084 32
739 3046 808 3085 corr.
829 3037 858 3082 ul
875 3027 901 3084 5.
920 3024 961 3081 76.
978 3055 1015 3067 —
1049 3022 1188 3095 dicendo]
1206 3029 1239 3078 in
1255 3024 1319 3079 odd.

276 3113 325 3186 bg.
346 3114 371 3171 2.
391 3118 415 3172 4.
434 3115 460 3173 o.
481 3117 522 3175 13.
540 3117 575 3173 32
592 3136 661 3175 corr.
681 3120 723 3176 35.
744 3120 786 3177 36.
803 3150 839 3164 -
868 3116 1042 3195 poscumus]
1066 3120 1216 3189 posuimus
1237 3114 1321 3187 ng.5

276 3225 346 3265 corr.
366 3208 391 3265 6.
409 3208 449 3266 lu.
466 3209 506 3293 ¹55
523 3210 563 3267 16.
580 3212 619 3269 17.
632 3213 674 3268 26.
688 3213 729 3268 23.
743 3213 783 3268 21.
798 3211 841 3269 69.
854 3213 895 3268 76.
911 3210 952 3267 73.
965 3210 1007 3267 86.
1023 3210 1065 3265 33.
1085 3209 1123 3263 ita
1139 3226 1209 3266 corr.
1221 3207 1263 3264 32.

361 3345 403 3401 33.
439 3346 511 3418 mou]
538 3364 591 3404 oua
618 3348 712 3405 (16.3.
732 3377 768 3389 -
802 3344 1028 3417 elaborandum]
1056 3344 1148 3400 labor,
1173 3345 1223 3415 bg.
1242 3342 1267 3397 6.
1285 3370 1322 3384 —-

275 3436 420 3509 maxume]
455 3456 507 3495 om.
541 3438 591 3511 Lg.
614 3440 656 3496 35.
676 3470 712 3483 -
746 3437 923 3512 antecellat]
958 3437 1136 3492 antecellant
1164 3435 1216 3489 Gn.
1241 3435 1265 3488 3.
1285 3461 1321 3474 —-

274 3543 365 3582 unum
384 3532 415 3600 iu
433 3529 541 3605 locum]
563 3537 595 3587 in
612 3550 704 3588 ouum
723 3531 741 3590 1.
761 3532 810 3605 Lg.
829 3532 871 3587 23.
889 3561 925 3573 -
960 3548 980 3585 a
995 3529 1078 3601 seru]
1096 3545 1117 3582 u
1138 3546 1190 3582 om.
1209 3527 1258 3598 Lg.
1278 3523 1320 3580 16.
1398 3536 1408 3547 “

276 3617 317 3674 17.
333 3648 369 3662 ·-
403 3622 462 3693 ad]
483 3640 535 3679 om.
554 3622 605 3695 Lg.
626 3624 667 3680 13.
686 3624 729 3681 36.
751 3628 782 3678 ln
801 3623 841 3679 16.
859 3622 894 3677 32
912 3639 981 3680 corr.
998 3621 1039 3675 76.
1054 3619 1094 3674 73.
1118 3619 1169 3676 Gn.
1188 3619 1213 3675 3.

359 3754 400 3808 al.
438 3756 601 3828 consector]
626 3760 721 3814 verbis
745 3759 821 3813 addit
848 3756 897 3830 Lg.
916 3757 941 3812 3.
959 3752 1045 3811 6167.
1073 3755 1112 3808 ita
1136 3771 1206 3809 corr.
1224 3752 1266 3807 32.
1286 3778 1322 3794 --

193 3870 213 3923 '.
275 3845 533 3919 comprehendam]
553 3865 650 3922 conpr.
669 3848 737 3921 Lag.
746 3849 770 3904 2.
806 3846 1017 3921 compreendam
1034 3845 1105 3900 Vict.
1126 3843 1211 3900 (16.2.
1242 3857 1322 3896 com-

271 3935 406 4007 pandum
425 3937 476 3994 Ge.
496 3939 520 3994 3.
563 3938 766 4013 occupandam
792 3940 826 4007 (i.
846 3958 870 3995 e.
891 3936 1141 4011 comparandam)
1163 3951 1232 3988 corr.
1253 3948 1322 3986 eon·

269 4029 416 4101 precedam
443 4040 470 4084 et
496 4049 554 4086 var.
583 4034 748 4105 amplectar
770 4031 811 4085 32.
837 4058 872 4072 —
907 4029 1002 4100 mcvi]
1027 4027 1152 4085 bucolice
1173 4024 1268 4082 hamb.
1286 4052 1324 4067 ··-

273 4119 487 4193 adolescentes]
507 4121 587 4178 adul.
613 4123 662 4195 ις.
683 4122 725 4179 65.
743 4122 783 4179 76.
802 4121 853 4178 73:
863 4121 905 4179 61.
926 4119 968 4178 61.
