2942 4608
179 395 195 412 ,
271 266 369 390 naa
549 398 560 427 Ι
670 288 928 383 c‘rossours
1034 314 1094 378 ,·

270 500 389 571 genem
414 468 586 551 muratus
618 484 671 551 28.
700 484 841 572 Aspicite
867 502 950 550 nunc
975 485 1032 549 eos
1052 481 1197 549 homines
1221 486 1339 570 atque

272 605 451 688 intuemini,
467 628 610 697 ‘quarm
636 603 675 677 de
701 610 850 678 facultate
876 611 1069 697 quaerimus,
1095 608 1171 695 quid
1196 590 1337 677 intersit

251 738 356 817 ,inter
387 744 545 803 oratorum
577 736 682 803 studia
713 719 806 823 atque
837 745 976 803 naturas.
1032 732 1227 800 Suavitatem
1251 733 1335 802 Iso-

249 870 394 957 3crates,
422 860 624 928 subtilitatem
648 860 783 948 Lysias,
811 881 943 928 acumen
967 859 1158 948 Hyperides,
1186 861 1334 925 sonitum

252 956 470 1081 {Aeschinem
500 988 564 1053 vim
589 984 816 1054 Demosthenes
841 986 959 1053 habuit.
1013 984 1092 1063 Quis
1123 1004 1231 1050 eorum
1258 1005 1334 1053 non

184 1186 194 1209 ,
258 1090 448 1212 'egregiust
468 1121 574 1177 tamen
594 1114 665 1200 quis
686 1113 870 1198 cuiusquam
889 1113 953 1178 nisi
975 1111 1025 1176 sui
1046 1109 1181 1176 similist
1209 1108 1332 1177 Gravi-

276 1206 379 1302 tatem
398 1204 584 1316 diricanus,
615 1238 776 1304 lenitatem
800 1235 947 1316 Laelius,
981 1237 1181 1322 asperitatem
1209 1233 1333 1314 Galba,

275 1358 433 1448 proluens
460 1362 606 1448 quiddam
623 1358 740 1429 'habuit
768 1361 872 1429 Garbo
900 1373 931 1428 et
956 1381 1114 1429 canorum.
1159 1359 1239 1438 Quis
1266 1359 1331 1427 ho-

277 1505 346 1567 rum
376 1506 441 1552 non
469 1488 614 1575 princeps
643 1488 834 1576 temporibus
865 1488 931 1553 illis
961 1487 1040 1553 fuitt
1071 1495 1102 1552 et
1129 1505 1186 1552 suo
1218 1491 1348 1553 tamen*

219 1640 228 1646 -
268 1602 409 1689 quisque
431 1604 466 1668 in
485 1623 603 1688 genere
624 1607 779 1693 princeps.
1063 1668 1066 1673 .

290 1786 292 1791 ,
363 1718 444 1786 Vlll.
472 1721 524 1787 29.
547 1719 613 1788 Sed
636 1722 710 1810 quid
731 1742 792 1808 ego
813 1729 923 1788 vetera
943 1719 1135 1806 conquiram,
1157 1739 1228 1785 cum
1248 1719 1330 1786 mihi
1355 1716 1359 1719 ’

277 1814 376 1904 liceat
400 1840 444 1904 uti
469 1840 689 1925 praesentibus
715 1839 867 1926 exemplis
898 1838 1123 1951 {issssffilifli
1166 1835 1249 1914 Quid
1277 1839 1331 1902 iu-

279 1954 411 2020 cundius
444 1956 572 2022 auribus
598 1958 715 2023 nostris
745 1975 882 2042 unquam
915 1955 1030 2021 accidit
1059 1952 1151 2019 huius
1182 1955 1330 2020 oratione
1377 2022 1385 2027 ,

266 2049 407 2159 'Catulit
434 2091 515 2158 quae
542 2082 590 2138 est
615 2092 695 2159 pura
722 2076 792 2159 sic,
809 2083 842 2139 ut
862 2071 976 2139 Latine
1003 2072 1089 2159 loqui
1115 2090 1223 2159 paene.
1238 2072 1328 2139 solus

279 2186 432 2266 videatur,
455 2190 502 2255 sic
521 2199 624 2255 autem
639 2191 758 2275 grauis,
779 2201 813 2256 ut
832 2192 867 2256 in
885 2189 1040 2275 singulari
1056 2189 1209 2274 dignitate
1225 2192 1329 2256 omnis

281 2314 387 2371 tamen
401 2307 488 2373 'assit
509 2303 686 2373 humanitas
709 2326 747 2374 ac
768 2308 868 2396 lepos.
913 2305 996 2388 Quid
1017 2306 1133 2373 mrdtat
1155 2311 1248 2373 istum
1269 2327 1327 2374 au-

281 2534 439 2593 Acctoncm
463 2539 544 2594 etiam
565 2541 682 2595 nominis
705 2541 798 2595 titulos
822 2549 911 2595 testes
930 2541 1026 2596 afferat
1050 2558 1077 2612 p.
1095 2540 1122 2595 8.
1140 2556 1217 2609 sqq,
1245 2558 1327 2595 nomo

282 2621 363 2678 dicat.-
385 2654 418 2664 —
444 2626 554 2698 paene]
577 2627 618 2680 slc
634 2642 757 2680 meorum
773 2624 834 2682 XX.
858 2625 976 2682 madl.
995 2627 1027 2693 3,
1048 2625 1141 2680 itt-
1167 2623 1328 2694 tribuatur]

282 2706 424 2762 mdabat·
448 2709 498 2781 Lg.
518 2710 577 2778 lo,
607 2710 658 2764 sed
684 2710 752 2764 illud
781 2728 816 2764 ex
844 2711 978 2767 orationis
1006 2710 1135 2780 obliquae
1161 2709 1224 2781 lege
1250 2719 1328 2767 recte

281 2790 445 2850 deiendltur.
470 2799 476 2804 '
974 2803 986 2815 “

367 2877 411 2935 te.
447 2881 586 2952 aspicite]
603 2880 643 2934 sic
660 2878 709 2952 [ag.
729 2888 839 2952 praeter
856 2879 882 2934 3.
897 2878 923 2934 5.
938 2879 964 2935 6.
986 2878 1039 2935 (iu.
1055 2880 1078 2935 l.
1089 2878 1121 2935 ²2.
1138 2877 1200 2956 edd.
1217 2879 1327 2948 pleruet

283 2974 346 3030 qne.
365 2992 397 3002 -
424 2965 536 3032 tamea]
556 2970 587 3017 ct
603 2971 705 3019 tumen
722 2965 818 3021 Lamb.
836 2993 872 3007 -
898 2970 965 3036 quis
983 2965 1168 3035 metoparum]
1187 2967 1255 3033 quio
1271 2981 1326 3020 om.

282 3044 333 3116 leg,
352 3049 652 3118 omuesproeter81.‚
676 3050 704 3103 lu
725 3068 780 3121 qno
791 3059 938 3105 ‘corrector
954 3049 1073 3116 addidit,
1097 3051 1163 3104 iterii
1185 3048 1237 3104 Gu.
1258 3050 1280 3105 l.
1298 3050 1325 3106 2.

282 3124 353 3184 Vter.
373 3131 515 3202 omittunt,
540 3134 724 3206 placebatque
740 3134 888 3206 aliquando
905 3143 1021 3206 propter
1037 3135 1228 3189 nervosiorem
1244 3135 1326 3188 inter·

189 3228 196 3243 ’
281 3212 398 3287 rogandi
419 3215 549 3286 formam,
572 3226 602 3272 ut
624 3236 679 3273 nou
698 3225 763 3290 quio
782 3220 974 3287 subaudiatur,
996 3220 1048 3274 sed
1069 3220 1181 3289 aliquis
1197 3218 1325 3274 illoram.

280 3298 387 3356 Dubito
409 3320 495 3369 nunc,
520 3322 582 3358 curn
603 3304 796 3360 lacunosurum
818 3305 949 3360 librorum
971 3306 1111 3360 recordor.
1152 3304 1226 3358 Nam
1249 3307 1326 3375 quis,

281 3389 347 3455 qut,
372 3390 457 3440 cutus
478 3389 555 3443 iuxta
572 3394 746 3461 quisquam,
768 3393 957 3461 cuiusquam,
977 3394 1116 3461 cuiqnam
1138 3388 1231 3460 posita
1247 3387 1327 3442 facile

281 3485 335 3522 nec
348 3485 413 3524 raro
429 3473 597 3529 exciderunt.
623 3474 752 3531 Ceterum
769 3480 907 3547 mclqcam
923 3475 974 3546 Lg.
987 3475 1028 3531 ct.
1041 3503 1077 3534 —-.
1100 3473 1283 3546 emmonem
1295 3502 1322 3512 -

282 3558 390 3625 mere
403 3560 557 3632 princeps]
580 3578 633 3616 om.
655 3562 706 3616 Gn.
726 3562 749 3617 l.
768 3592 804 3602 -
829 3565 862 3616 iu
883 3561 999 3633 pectere]
1023 3563 1057 3615 ira
1079 3577 1132 3616 om.
1152 3559 1203 3631 hg.
1223 3559 1266 3616 35.
1284 3557 1326 3614 93.

181 3664 183 3669 ·
282 3631 357 3693 baud
374 3640 462 3708 mulc3
480 3661 507 3700 v.
528 3645 729 3717 explicationes
745 3647 782 3701 ad
798 3645 819 3701 l.
838 3648 871 3713 3,
891 3646 931 3701 ln.
996 3644 1004 3658 '

269 3730 278 3741 ‘
367 3722 440 3784 vill.
475 3728 517 3785 29.
554 3732 627 3802 quid
644 3734 709 3804 epo]
725 3734 782 3788 inv.
796 3731 847 3803 Lg.
861 3731 904 3786 81.
920 3760 955 3770 —
973 3729 1128 3801 exemplis]
1147 3727 1327 3803 tedrpombas

281 3806 334 3882 Lg.
351 3810 387 3865 ot
402 3830 431 3867 v.
449 3830 475 3869 u.
494 3824 513 3871 t.
531 3843 568 3857 —-
593 3815 704 3872 Latine
720 3817 819 3888 loqui]
842 3815 969 3888 inv.„Lg.
990 3814 1030 3870 tt.
1050 3815 1093 3870 23.
1112 3813 1209 3871 bil*-
1235 3813 1326 3879 acolt]

281 3893 322 3948 tric
333 3893 385 3966 115.
400 3897 441 3953 15.
456 3898 499 3953 Ἃ).
510 3900 553 3956 35.
567 3900 608 3955 76.
623 3901 666 3956 93.
686 3901 755 3955 Vlct.
774 3902 826 3956 Gu.
840 3902 862 3956 l.
876 3902 901 3958 ἓ.
914 3931 951 3943 ·-
969 3900 1126 3971 quicquid]
1141 3899 1183 3953 sic
1193 3898 1244 3970 Lg.
1255 3898 1327 3962 XV„

283 3990 398 4047 quorum
421 3991 484 4035 sunt
509 3983 549 4038 17.
569 3983 611 4037 en.
636 3985 678 4039 cr.
697 3983 741 4038 co.
765 3985 806 4040 ro.
826 3986 868 4041 ra.
889 3987 930 4042 ro.
967 3984 1183 4056 praeponeret.
1199 4015 1236 4025 -
1263 3998 1326 4038 m-

284 4066 555 4132 tucmc1mmtaris
572 4065 623 4121 Gn.
645 4068 667 4121 l.
696 4098 701 4106 ·

369 4147 410 4201 to.
448 4148 567 4217 attulit]
586 4148 644 4204 leuc
662 4150 767 4206 attam
782 4150 832 4221 bg.
847 4151 889 4208 76.
903 4181 939 4194 -
957 4161 986 4208 et
1004 4106 1141 4222 dicendi]
1157 4169 1193 4208 ac
1210 4151 1329 4209 dicendi
