2968 4596
403 280 721 362 nn‘oenroitu
749 292 918 362 LIBERI.
944 297 994 365 10.
1158 296 1226 374 ’60

178 466 279 552 &bos
306 463 344 530 de
366 465 523 550 aequitate
551 461 590 528 de
612 463 731 529 iustitia
756 463 796 529 de
817 463 878 530 ide
905 463 945 530 de
966 462 1150 551 frangendis
1176 484 1231 532 cn-

180 582 361 670 piditatibus
382 582 421 647 de
442 580 676 647 conformandis
696 580 853 647 hominum
871 581 1009 648 moribus
1028 583 1123 649 litera
1141 564 1231 648 uuila

184 702 221 765 in
241 719 344 765 eorum
365 698 457 764 libris
480 684 678 764 iureniretur.
725 697 777 765 87.
804 696 877 784 lpse
896 718 972 766 vero
992 709 1160 787 praecepta
1181 702 1229 767 sic

180 815 314 882 ilhdere
347 815 485 894 solebat,
516 824 551 880 ut
577 815 754 881 ostenderet
785 834 850 881 non
881 816 973 882 modo
1005 837 1061 883 eos
1093 818 1228 904 expertis

180 954 255 1000 esse
275 934 577 1020 illius-prudentiae,
600 951 692 1018 quam
712 931 773 998 sibi
788 934 995 1011 asciscerent,
1018 934 1075 1000 sed
1089 954 1129 1000 ne
1145 933 1228 1001 haue

181 1050 308 1137 quidem
337 1053 440 1138 ipsam
470 1049 596 1115 dicendi
623 1052 776 1116 rationem
803 1069 841 1115 ao
866 1051 951 1116 viam
976 1071 1082 1117 nosse.
1127 1050 1226 1138 Caput

181 1171 267 1234 enim
292 1168 504 1234 arbitrabatur
530 1187 602 1233 esse
629 1169 778 1246 statoris,
803 1178 836 1232 nt
862 1178 893 1233 et
918 1170 1012 1255 ipsis,
1041 1169 1123 1256 apud
1149 1188 1228 1255 quos

182 1295 307 1369 ageret,
332 1285 422 1363 talis,
450 1283 575 1372 qualem
597 1287 721 1370 seipse
744 1295 878 1371 optaret,
904 1286 1080 1365 uideretur3
1108 1286 1141 1351 id
1162 1285 1230 1352 ieri

181 1405 267 1469 vitae
299 1404 465 1488 dignitate,
499 1402 538 1467 de
569 1421 632 1487 qua
662 1401 742 1470 nihil
769 1401 916 1469 rhetorici
944 1404 997 1468 isti
1025 1404 1170 1471 doctores
1196 1405 1230 1469 iu

180 1524 359 1608 praeceptis
387 1523 452 1585 suis
478 1519 693 1610 reliquissent:
722 1528 753 1583 ct
778 1520 823 1583 nti
849 1521 893 1597 ei,
921 1522 974 1604 qui
999 1522 1154 1598 audirent,
1182 1523 1229 1588 sio

182 1638 385 1703 afficerentur
405 1638 530 1713 animis,
552 1646 585 1701 ut
606 1656 662 1702 eos
678 1634 770 1700 ‘esici
790 1634 886 1701 vellet
907 1646 1028 1702 orator:
1053 1638 1136 1724 quod
1155 1640 1230 1703 item

183 1754 257 1819 fieri
283 1754 369 1820 nullo
395 1753 485 1835 modo
510 1773 621 1842 posse,
647 1755 712 1818 nisi
736 1754 1002 1836 cognovissetis,
1029 1756 1082 1839 qui
1103 1754 1230 1830 diceret,

270 1986 313 2041 87.
349 1987 484 2056 illudere]
506 1985 641 2042 taladere
662 1985 717 2057 ng:
731 1985 773 2040 32.
792 1983 834 2040 65.
854 1985 895 2040 70.
916 1985 957 2042 73.
974 2014 1011 2027 -
1047 2003 1098 2040 eoe
1115 2003 1166 2042 om.
1186 1984 1228 2043 60.

185 2070 228 2126 76.
247 2071 289 2126 86.
307 2101 343 2112 -
375 2072 469 2139 illias]
487 2073 571 2143 vulgo
588 2079 652 2127 ante
672 2077 807 2144 expertes
825 2070 880 2141 degi
896 2071 1004 2125 solitum
1021 2081 1085 2125 oute
1102 2072 1230 2144 pradest-

188 2159 248 2209 tiae
273 2163 391 2227 ponnnt'
404 2157 456 2228 Lg.
483 2173 577 2209 omnes
602 2165 713 2226 praeter
735 2155 777 2211 81.
796 2154 838 2209 84.
854 2155 914 2222 85.,
939 2158 1003 2211 item
1026 2157 1078 2211 Gu.
1095 2157 1120 2212 3.
1143 2157 1231 2223 vtes..

187 2242 277 2309 itaque
296 2259 365 2296 corr.
385 2242 447 2307 81.,
468 2258 537 2310 quos
554 2256 662 2308 sequor.
680 2267 717 2280 »-
751 2242 892 2312 capcertts]
909 2241 1005 2312 scripsi
1022 2258 1057 2295 cx
1075 2241 1124 2313 ng.
1143 2241 1168 2296 5.
1188 2240 1229 2297 16.

188 2325 228 2379 17.
249 2325 292 2380 21.
311 2325 354 2379 24.
371 2325 414 2379 65.
436 2325 478 2378 70.
499 2325 540 2378 73.
560 2323 601 2378 76.
620 2322 662 2378 86.
699 2330 837 2395 expertas
861 2324 886 2379 2.
905 2327 1007 2380 doorr.
1033 2335 1063 2379 ut
1085 2326 1177 2397 vulgo.
1196 2353 1231 2366 -

186 2410 385 2475 asciscerent]
410 2412 562 2461 assisteret
587 2407 637 2463 Gn.
659 2408 682 2461 1.
714 2408 839 2463 adscire.
856 2410 907 2480 ng.
927 2410 966 2464 17.
986 2409 1026 2463 20.
1046 2410 1089 2463 21.
1109 2410 1143 2463 32
1161 2425 1231 2464 corr.

189 2502 221 2546 ut
239 2493 281 2558 3.,
301 2493 330 2544 in
348 2508 402 2559 quo
421 2500 449 2544 et
466 2490 507 2544 67.
530 2488 557 2544 dt
573 2491 642 2544 Vict.
664 2502 704 2547 est
720 2492 915 2555 ascriberent,
932 2494 996 2546 item
1014 2492 1057 2546 65.
1078 2493 1118 2545 70.
1138 2492 1179 2546 73.
1197 2519 1233 2532 ·-

189 2574 397 2631 arbitrabatur
412 2576 487 2642 esse]
507 2575 546 2629 sic
564 2573 613 2646 Lg.
631 2575 654 2631 2.
673 2578 697 2632 3.
714 2580 740 2636 4.
761 2578 802 2633 13.
816 2578 859 2632 32.
876 2576 917 2631 35.
932 2576 974 2631 36.
988 2574 1031 2630 67.
1046 2576 1087 2630 76.
1099 2575 1142 2629 81.
1161 2574 1233 2629 vict.

189 2663 243 2721 Gn.
264 2662 289 2717 2.
317 2661 408 2732 Vulgo
429 2662 485 2716 inv.
511 2688 546 2701 »-
579 2665 642 2733 ipse
661 2664 738 2735 opt]
765 2679 829 2715 esse
853 2668 912 2733 apt.
935 2659 985 2731 Lg.
1005 2658 1150 2715 41336.
1179 2674 1234 2712 nou

188 2747 314 2802 deterius.
336 2775 372 2787 -
406 2750 455 2799 att
469 2750 499 2799 et
508 2774 543 2786 —
555 2749 599 2800 sic
615 2746 806 2816 afficerentur
824 2747 946 2813 areimis]
971 2745 1042 2798 benc
1059 2745 1235 2815 praestantis·

185 2834 281 2886 duram
307 2832 468 2902 scripturam
496 2831 590 2902 recepi
617 2847 653 2884 ex
680 2832 842 2902 optimorum
866 2832 1036 2885 auctoritate.
1073 2829 1164 2901 Vulgo
1188 2832 1237 2883 ati

187 2919 380 2971 eoram—sic
398 2915 448 2985 aff.
463 2920 566 2970 animi.
594 2908 652 2968 seo
670 2933 772 2969 eoram
788 2917 914 2987 ignorent
930 2916 980 2987 Lg.
1001 2917 1025 2970 1.
1045 2915 1070 2970 5.
1089 2914 1114 2970 6.
1135 2916 1174 2970 13.
1192 2916 1232 2972 lt

186 3002 229 3056 15.
251 3001 292 3054 16.
314 3001 353 3055 17.
373 2999 415 3055 20.
434 3000 475 3055 21.
495 3000 537 3055 23.
556 3000 590 3053 21
604 3017 675 3055 corr.
695 2999 736 3055 32.
756 2999 799 3055 36.
816 3000 858 3057 65.
876 3002 917 3056 70.
936 3001 977 3055 73.
996 3000 1037 3055 76.
1056 2999 1098 3055 84.
1116 2999 1158 3055 86.
1181 2999 1233 3058 Gu.

187 3088 210 3141 l.
230 3087 254 3142 2.
276 3090 305 3138 ei
320 3105 341 3142 s.
359 3090 384 3139 tt
398 3102 419 3139 s.
439 3084 472 3138 bi
487 3084 589 3138 hebent
607 3084 657 3155 Lg.
673 3087 697 3139 1.
712 3085 752 3140 13.
767 3086 801 3140 32
822 3103 849 3140 v.
866 3104 891 3140 u.
913 3095 931 3140 t.
945 3085 986 3140 36.
1007 3083 1058 3140 Gu.
1073 3086 1096 3140 l.
1116 3086 1146 3139 Z.
1166 3106 1192 3141 α.
1207 3104 1233 3156 y.

186 3171 277 3226 Hovn.
297 3170 332 3224 B.
351 3169 415 3223 Eri.
433 3168 502 3223 Reli.
524 3186 593 3238 quos
613 3170 671 3222 dixi
695 3177 729 3222 at
747 3175 798 3239 qai
819 3189 841 3225 s.
860 3175 907 3225 sati
925 3175 976 3240 pot
992 3190 1017 3224 κ.
1036 3191 1059 3224 τ.
1077 3173 1101 3225 i.
1127 3171 1236 3234 Deinde

186 3259 299 3309 animis
317 3253 367 3325 Lg.
383 3254 422 3308 13.
442 3254 483 3308 20.
504 3254 539 3306 32
557 3271 627 3308 corr.
647 3254 688 3309 36.
707 3254 739 3308 81
759 3272 828 3310 corr.
847 3255 889 3310 84.
910 3255 961 3310 Gn.
977 3255 1000 3309 1.
1019 3255 1043 3308 2.
1062 3254 1151 3308 Havu.
1173 3254 1195 3309 l.
1210 3254 1234 3310 2.

187 3341 218 3394 Ζ.
237 3361 264 3393 α.
283 3359 310 3410 y.
330 3341 356 3394 d.
380 3338 437 3392 urs.
457 3339 516 3393 Aid.
537 3337 606 3391 lunt.
626 3338 698 3393 Cret.
719 3337 796 3394 Mon.
822 3341 867 3394 De
885 3357 935 3393 usu
957 3339 1088 3408 loquendi
1104 3339 1171 3393 vide
1190 3356 1237 3395 ex-

187 3426 344 3496 11116111-
361 3422 566 3493 afficereatar]
584 3422 647 3492 ads.
667 3424 717 3495 Lg.
737 3424 834 3478 61).-
854 3422 952 3492 affici]
971 3423 1063 3492 adfici
1079 3423 1128 3494 Lg.
1149 3424 1174 3478 5.
1193 3424 1236 3481 65.

186 3510 229 3566 70.
245 3538 282 3550 --
300 3508 397 3578 vellet]
414 3507 486 3561 velit
503 3508 574 3561 Vici.
590 3507 641 3563 Gu.
661 3510 685 3563 3.
705 3507 755 3580 Lg.
771 3507 838 3561 XlX
855 3510 909 3579 (pr.
930 3508 954 3563 2.
973 3511 998 3563 1.
1019 3509 1059 3564 13.
1077 3509 1117 3564 lb.
1136 3510 1182 3579 36)
1200 3512 1238 3565 tto

187 3612 259 3649 corr.
278 3593 320 3648 81.
339 3622 375 3635 ›-
406 3592 490 3663 itcm]
509 3609 565 3645 non
586 3592 704 3645 deterius
723 3593 803 3646 idem
820 3592 896 3647 Harl.
915 3593 939 3646 2.
958 3613 984 3662 γ.
1005 3593 1066 3648 edd.
1088 3594 1238 3663 antiquiss,
1315 3661 1320 3669 Ι

187 3678 266 3750 prob.
285 3678 383 3732 Pearc.
403 3678 483 3747 qaod
496 3681 540 3730 tta
558 3676 654 3746 Steph.
669 3676 762 3732 Lamb.
783 3696 810 3747 p.
825 3684 926 3731 actem
941 3677 1031 3732 Hevn.
1044 3677 1069 3732 2.
1083 3705 1116 3719 —
1132 3679 1239 3751 posse]

187 3762 290 3817 aiebat
308 3763 371 3818 add.
390 3762 427 3817 U.
447 3761 497 3833 Lg.
517 3762 542 3818 3.
561 3762 602 3814 15.
621 3759 663 3816 67.
683 3762 722 3815 ito
739 3778 809 3816 corr.
828 3763 869 3817 32.
888 3791 923 3804 -
944 3761 1110 3834 capaneoet]
1130 3765 1169 3816 sic
1186 3762 1237 3835 Lg.

187 3847 211 3902 5.
230 3848 270 3902 13.
288 3848 329 3901 14.
345 3847 446 3920 20121.
465 3846 507 3902 36.
521 3845 563 3902 65.
584 3854 750 3916 capnosoet,
769 3852 915 3918 capesset,
934 3853 1108 3918 copnasseat
1126 3856 1240 3917 peccent

187 3932 212 3987 6.
230 3933 270 3986 15.
293 3920 333 3985 17.
352 3931 393 3986 70.
411 3931 454 3986 76.
483 3931 574 4002 Vulgo
594 3931 665 3983 rneie
683 3937 876 4003 copaosceret.
902 3931 1057 3984 Secundum
1070 3929 1241 4001 Madvigium

190 4019 373 4088 eoprsuntsset
399 4015 483 4071 Heur.
509 4032 545 4069 ex
567 4014 625 4069 Eri.
648 4042 686 4056 ν·-
719 4013 844 4085 meotes]
870 4019 978 4068 mentis
1001 4013 1050 4084 Lg.
1079 4015 1120 4069 13.
1143 4014 1185 4066 32.
1205 4042 1240 4056 ›-

188 4100 312 4173 putbus]
333 4100 419 4155 rebus
438 4100 523 4170 vulgo
541 4100 661 4152 additum
678 4099 803 4168 ignorent
822 4097 916 4166 optimi
934 4096 983 4164 Lg.
1002 4097 1027 4148 2.
1046 4097 1071 4147 3.
1092 4096 1116 4146 4.
1135 4093 1178 4143 13.
1196 4093 1239 4143 36.
1354 4144 1362 4164 Ι
