2980 4602
247 323 353 431 με
494 391 498 397 κ
643 317 900 418 eruauoms
990 335 997 339 ·
1069 335 1073 343 ·

250 452 434 579 'praecepta
455 480 602 556 dicendit
643 487 835 567 Quibuscum
856 507 916 573 ego
939 506 1002 554 non
1023 508 1127 575 pugno
1149 500 1250 557 uorum
1270 496 1314 558 stt

265 609 377 675 melius
402 618 453 675 aut
473 610 595 684 uerius3
621 617 739 672 tantum
766 608 837 673 dico
861 617 891 671 et
913 605 1000 672 aliud
1021 606 1100 673 illud
1121 629 1194 720 esse
1218 620 1312 697 atque
1326 598 1348 652 J

161 812 163 817 Ι
266 726 326 793 hoc
349 737 379 792 et
400 725 461 799 hoc
483 727 551 789 sine
573 724 630 789 illo
653 744 802 789 summum
825 743 897 788 esse
918 744 1023 809 posse.
1086 730 1092 740 ’

349 841 414 908 LV.
447 840 520 906 234.
547 839 628 906 Nam
654 841 737 926 quod
763 842 812 906 ius
836 840 943 917 ciuile,
972 839 1104 920 Crasso,
1130 852 1194 909 tam
1215 844 1311 910 vehes

265 970 385 1031 menter
407 959 566 1046 amplexus
588 979 638 1035 ee,
665 958 758 1027 video
784 958 859 1042 quid
880 959 1001 1041 egerim
1027 968 1104 1036 tun,
1132 980 1202 1025 curn
1224 960 1310 1027 dice-

264 1078 334 1157 bas,
356 1076 511 1150 videbam.
542 1075 677 1141 Primum
694 1073 872 1141 Scaevolae
892 1085 922 1140 te
938 1075 1063 1153 dedisti,
1086 1096 1176 1162 quem
1200 1097 1308 1143 omnes

151 1248 158 1263 .
267 1216 373 1269 amare
400 1194 601 1260 meritissimo
626 1212 683 1278 pro
716 1195 784 1259 eius
815 1194 931 1259 enirnda
953 1195 1115 1259 suauitate
1138 1194 1310 1271 'debemus3

266 1316 354 1381 onius
381 1323 479 1387 artem
506 1331 575 1377 cunr
600 1310 772 1378 indotatam
799 1329 871 1375 esse
895 1320 935 1375 et
960 1311 1147 1397 incomptam
1173 1302 1309 1388 videres,

264 1430 430 1497 verborum
452 1449 522 1494 eam
544 1427 615 1495 dote
636 1426 835 1512 locupletasti
857 1436 887 1505 et
908 1430 1037 1495 ornasti.
1080 1425 1200 1493 Deinde
1224 1428 1308 1517 quod

265 1549 299 1613 in
321 1546 504 1633 cataplus
526 1546 640 1632 operae
662 1545 844 1630 laborisque
867 1565 1121 1631 consumpserat,
1148 1565 1215 1610 cnm
1237 1544 1308 1613 eius

193 1645 199 1649 ’
266 1665 360 1730 studii
390 1664 448 1730 tibi
480 1674 511 1728 et
535 1662 676 1728 hortator
706 1672 737 1727 et
762 1636 914 1755 magister
944 1673 1029 1727 esset
1057 1662 1159 1741 domi,
1189 1666 1309 1729 'veritus
1347 1668 1350 1671 ’

266 1801 315 1858 cs,
342 1783 404 1846 nisi
429 1783 521 1846 istam
548 1790 647 1846 artem
674 1782 815 1846 oratioue
844 1794 1100 1865 exaggerasses,·
1118 1776 1159 1846 ne
1182 1801 1310 1867 operam

265 1899 467 1986 perdidisses.
517 1895 584 1962 Sed
610 1917 670 1981 ego
697 1917 736 1962 ne
764 1918 833 1963 curn
859 1900 922 1963 ista
951 1898 1074 1983 quidem
1103 1908 1168 1963 ane
1194 1918 1307 1984 pugno,

186 2074 193 2081 .
265 2016 339 2082 255.
361 2015 411 2081 Sit
432 2034 509 2081 sane
524 2023 619 2091 tanta,
642 2024 789 2100 quantam
809 2025 842 2085 tu
863 2015 952 2083 illam
974 2035 1046 2082 esse
1068 2018 1127 2083 uis.
1164 2013 1204 2081 Et
1227 2019 1308 2083 enim

266 2268 325 2304 rum
335 2259 397 2304 snut
414 2250 456 2305 65.
469 2249 510 2304 dt.
523 2249 565 2304 69·
579 2252 620 2304 tt).
634 2248 689 2316 73.)
707 2251 778 2304 Vict.
798 2249 848 2303 Ga.
862 2249 897 2315 l.‚
910 2250 983 2319 apud
999 2265 1079 2318 quern
1093 2248 1162 2302 haec
1175 2249 1308 2320 scriptura

264 2346 369 2407 regnat,
387 2337 451 2389 item
462 2333 546 2398 luut.;
565 2335 638 2403 quod
651 2333 806 2404 probarem,
820 2336 842 2386 si
856 2334 938 2386 ullam
953 2335 1011 2386 eius
1025 2334 1065 2386 rei
1080 2332 1308 2404 significationem

265 2421 406 2490 reliquisse
421 2420 582 2473 viderentur
596 2419 762 2489 grammatici
777 2424 895 2474 veteres.
909 2446 944 2457 -
962 2424 1015 2497 avt
1029 2420 1138 2487 vertas]
1156 2435 1196 2471 aa
1213 2415 1310 2472 cetius

265 2505 315 2577 Lg.
333 2506 358 2559 5.
380 2505 419 2558 15.
439 2504 480 2558 20.
500 2503 543 2558 21.
561 2504 603 2558 81.
627 2530 663 2544 -
693 2507 756 2559 siae
774 2503 837 2571 illo]
860 2506 923 2556 siae
941 2507 999 2558 ista
1019 2502 1070 2574 Lg.
1088 2503 1131 2558 65.
1168 2507 1231 2557 siae
1248 2502 1310 2557 ullo

263 2588 334 2644 Vict.
354 2590 479 2657 idemque
498 2606 562 2642 esse
580 2606 736 2642 summam.
765 2644 768 2645 γ

349 2691 407 2746 LV.
444 2686 503 2746 234.
541 2691 637 2761 qvod]
670 2689 742 2761 qaid
766 2688 817 2760 Lg.
844 2687 878 2741 70
895 2705 964 2743 corr.
991 2718 1027 2729 -
1058 2690 1136 2755 cave]
1163 2689 1202 2740 sic
1226 2690 1308 2746 codd.

168 2795 172 2800 ·
266 2793 369 2831 omnes.
383 2804 418 2815 -
435 2766 582 2842 videbam]
601 2793 661 2828 aaa
677 2773 812 2828 videbam
826 2773 921 2843 steph.
934 2773 1028 2828 Lamb.
1054 2766 1083 2826 et
1096 2789 1162 2826 emm
1177 2771 1308 2838 dicebas,

264 2848 400 2915 videbam
418 2860 480 2914 Vet.
498 2860 538 2914 St.
574 2865 604 2912 et
623 2867 695 2924 tam,
707 2853 781 2913 'evm
801 2859 931 2922 dicebas,
950 2857 1086 2912 videbam
1101 2855 1215 2919 Maeli,
1234 2858 1310 2926 quod

265 2962 301 2998 ex
324 2944 385 2998 edd.
403 2953 470 2998 vett.
496 2945 634 3013 recepisse
660 2963 690 2998 se
714 2947 767 3008 aim
789 2930 839 2999 sed
861 2952 973 3014 praeter
987 2941 1142 2997 Munatium
1164 2958 1246 2997 nemo
1269 2942 1310 2997 sic

263 3029 388 3098 scripsitz
415 3028 477 3081 edd.
498 3030 637 3099 antiquiss.
659 3029 791 3082 exhibent
814 3035 952 3098 tuaeque,
978 3044 1044 3081 cvm
1063 3026 1136 3090 dic,
1160 3026 1307 3083 videbam.

265 3113 329 3169 Sclr.
348 3114 376 3166 in
390 3113 432 3168 ed.
447 3115 508 3168 mai.
527 3131 560 3166 ea
577 3114 664 3167 verba
681 3114 790 3167 delevit.
809 3130 836 3168 v,
852 3113 1061 3182 explicationes.
1074 3138 1110 3151 —-
1129 3111 1253 3181 dedisti]
1269 3112 1310 3164 sic

264 3197 314 3268 ng.
336 3197 376 3252 15.
396 3198 436 3252 ro.
461 3198 501 3252 17.
526 3198 568 3252 m.
586 3197 628 3251 oe.
645 3198 689 3252 or.
712 3184 754 3252 ao.
772 3197 814 3251 si.
833 3197 875 3252 aa
897 3197 939 3257 ea
966 3196 1017 3251 cu.
1039 3197 1062 3248 1.
1083 3196 1108 3249 a
1133 3196 1204 3263 vae
1229 3195 1307 3253 min.

262 3282 357 3337 hamb.
386 3283 438 3334 Alli
457 3283 565 3350 quidam
585 3282 738 3345 dedidisii,
757 3284 860 3355 inepte.
872 3310 909 3321 ·-
926 3282 1132 3347 meritissimo]
1150 3280 1332 3334 meritissi-'

262 3385 345 3420 mam
361 3365 411 3437 hg.
425 3367 467 3421 35.
481 3365 523 3420 ai.
553 3371 745 3421 meritissime
762 3367 833 3420 Vict.
845 3394 881 3407 —
900 3362 1050 3433 debemus]
1068 3364 1209 3419 debamas
1226 3382 1310 3434 supra

263 3468 314 3505 ser.
334 3449 375 3503 eb.
394 3451 423 3519 (i.
444 3468 467 3505 e.
489 3450 687 3519 debebamus).
708 3483 739 3495 -
763 3452 959 3523 inemptam]
979 3453 1019 3503 sic
1039 3449 1087 3519 Lg.
1109 3458 1220 3519 praeter
1238 3447 1263 3502 3.
1282 3449 1307 3504 5.

262 3535 327 3591 item
344 3535 414 3589 Vict.
451 3532 524 3589 Olim
542 3537 765 3605 praemittebatur
784 3535 826 3589 his
845 3543 874 3589 et
892 3538 1116 3597 incomitatam,
1142 3535 1216 3603 quod
1232 3550 1309 3586 mero

264 3620 350 3676 errori
369 3619 498 3686 debetur,
522 3620 616 3673 sedin
635 3620 759 3673 omnibns
777 3621 856 3675 codd.
876 3628 993 3689 excepto
1012 3617 1093 3686 Nori.
1113 3618 1222 3671 videtur
1238 3618 1310 3688 legi3

190 3712 195 3723 '
262 3704 365 3758 habeut
387 3689 469 3759 etiam
490 3703 539 3774 bg.
560 3722 654 3759 omnes
671 3716 780 3776 praeter
796 3704 838 3760 69.
858 3705 898 3773 (is
918 3703 1130 3774 immeritam),
1156 3704 1219 3756 item
1237 3702 1310 3754 Vict.

264 3789 315 3845 Ga.
337 3791 360 3845 l.
379 3788 403 3844 2.
423 3816 459 3828 —
486 3795 518 3843 tv
530 3789 614 3861 pias]
635 3797 667 3843 ta
684 3807 736 3842 om.
755 3786 806 3858 Lg.
825 3788 868 3842 67.
889 3817 924 3830 —-
948 3788 1187 3863 consumpseras]
1206 3787 1245 3839 sic
1262 3786 1309 3838 ad·

264 3876 321 3928 dito
336 3892 358 3948 p
376 3891 469 3928 omnes
487 3872 537 3943 Lg.
555 3882 665 3943 praeter
681 3875 706 3927 5.
727 3904 757 3912 -
777 3872 926 3940 bortatur]
945 3879 1049 3925 arator
1067 3871 1119 3924 Gn.
1139 3872 1161 3925 l.
1194 3876 1309 3924 artatur
1333 3910 1338 3913 ,

263 3958 359 4013 Gna.
377 3986 423 4005 —»
436 3975 503 4011 evm
522 3961 583 4011 isia
601 3957 731 4027 quidem]
756 3961 847 4011 istam
865 3958 930 4025 (om.
950 3973 1017 4010 cam
1036 3965 1064 4009 et
1083 3954 1214 4027 quidem)
1235 3953 1306 4010 vtct.

348 4056 407 4113 235.
445 4058 518 4123 esse]
543 4074 595 4109 om.
618 4057 670 4113 Gu.
691 4059 713 4113 l.
730 4087 766 4100 ·-
791 4065 821 4111 ei
839 4058 930 4125 caim]
951 4057 991 4109 sie
1008 4056 1115 4111 divisim
1132 4055 1182 4125 Lg.
1202 4054 1244 4107 67.
1262 4052 1307 4108 86.
1377 4058 1381 4065 '

263 4140 306 4196 93.
325 4170 359 4181 -
382 4144 411 4195 ei
429 4141 540 4209 stadio]
561 4145 625 4195 etas
644 4143 744 4201 stadia
762 4141 813 4213 Lg.
832 4143 858 4197 5.
893 4140 1018 4232 eistad.
1037 4141 1062 4196 6.
1080 4139 1123 4193 23.
1143 4168 1178 4179 -
1202 4138 1307 4205 etiam]
1333 4156 1336 4163 ¹
