2980 4602
193 414 197 425 ,
236 386 241 395 =
269 345 376 427 las*
663 337 918 408 CICERONIS

270 467 375 576 monta
388 510 508 576 formae
530 508 698 576 intervalla
718 472 962 593 magnitudinem
984 508 1027 573 in.
1039 505 1216 595 astrologia
1232 510 1315 576 caeli

272 627 438 692 conuersio
461 632 546 690 ortus
569 622 670 689 obitus
692 633 854 710 motusque
873 624 1026 702 sidcrnm3
1048 625 1082 690 in
1102 629 1315 707 grammaticis
1428 646 1435 649 “

271 750 432 829 potiturum
447 734 646 827 pertractatio
668 739 867 806 historiarum
882 742 1019 824 cognitio
1033 734 1201 806 verborum
1222 744 1317 808 inter·
1338 730 1365 764 ²

272 862 404 946 prelatio
426 856 644 943 pronuntiandi
666 857 792 941 qnidam
814 877 930 935 sonns3
955 859 989 921 in
1008 855 1070 922 hac
1093 856 1225 942 de'nique
1247 859 1318 944 ipsa

270 974 391 1041 ratione
425 973 550 1038 dicendi
582 975 761 1057 excogitare
793 993 906 1039 ornare
938 973 1105 1059 disponere
1137 975 1316 1039 meminisse

273 1110 368 1175 agere
396 1094 417 1169 †
443 1092 551 1174 ignota
579 1089 734 1174 quondam
766 1088 907 1154 omnibns
934 1098 965 1154 et
997 1087 1112 1153 diffusa
1137 1088 1201 1154 late
1228 1089 1316 1154 vide-

271 1207 392 1272 bantur.
427 1205 498 1271 188.
520 1205 672 1270 Adhibita
693 1215 742 1270 est
763 1206 857 1288 igitur
879 1224 932 1270 ars
950 1204 1103 1289 quaedam
1124 1206 1317 1270 extrinsecus

272 1344 311 1389 ex
341 1323 406 1388 alio
435 1342 552 1406 genere
576 1322 726 1407 quodam,
754 1321 836 1407 quod
863 1321 925 1386 sibi
949 1330 1046 1386 totum
1065 1319 1241 1407 philosophi
1264 1341 1318 1387 as-

79 1442 90 1459 ·
149 1468 156 1475 ’
272 1449 410 1515 sumunt,
439 1458 520 1522 quae
547 1458 613 1502 rem
641 1437 827 1502 dissolutam
848 1437 1063 1523 divulsamque
1090 1437 1318 1520 conglutinaret

273 1566 303 1651 et
325 1545 446 1620 ratione
475 1554 610 1639 quadam
633 1539 869 1637 constringeret.
914 1552 963 1618 Sit
985 1573 1061 1637 crgo
1088 1554 1122 1619 in
1141 1555 1210 1618 iuro
1230 1554 1318 1619 civili

271 1670 343 1736 inis
374 1670 446 1748 hic,
481 1669 641 1754 legitimae
674 1680 765 1755 atque
796 1644 931 1735 usitalae
964 1673 997 1735 in
1026 1668 1121 1735 rebus
1150 1672 1317 1756 causisque
1396 1710 1400 1719 ·

275 1789 388 1853 civium
411 1787 644 1871 aequabilitatis
661 1789 869 1852 conservatio.
906 1785 977 1851 189.
1000 1784 1080 1851 Tum
1095 1796 1166 1851 sunt
1180 1787 1319 1853 notanda

226 1962 232 1971 .
272 1922 392 1987 genera
407 1912 437 1967 et
452 1903 494 1967 ad
510 1914 626 1968 certum
640 1923 800 1967 numerum
813 1904 1061 1988 paucitatemque
1077 1903 1268 1981 revocanda3
1278 1943 1316 1951 -

273 2038 374 2102 genus
397 2028 500 2084 autem
515 2024 563 2084 est
578 2019 624 2096 id,
648 2019 731 2104 quod
746 2022 796 2083 sui
812 2017 925 2084 similis
943 2020 1157 2085 communione
1175 2020 1318 2105 quadam,

274 2234 310 2289 U.
331 2233 382 2287 Gu.
396 2233 422 2287 3.
455 2239 485 2286 at
501 2249 553 2286 orn.
572 2232 653 2286 idern.
682 2235 786 2303 tquota
803 2248 859 2285 non
877 2249 938 2286 esse
957 2208 1049 2303 aptum
1067 2234 1095 2285 in
1114 2234 1156 2288 ed.
1175 2233 1236 2292 mai.
1254 2232 1317 2288 Scir.

273 2319 405 2389 probasse
428 2318 513 2372 fertur
538 2318 709 2385 coniecitque
736 2315 871 2384 infinita,
899 2316 973 2386 quod
996 2316 1141 2388 Madvigio
1166 2317 1263 2386 placet.
1286 2335 1320 2375 v,

273 2403 484 2472 explicationes.

362 2501 419 2559 188.
457 2501 616 2571 quaedam]
642 2515 694 2553 orn.
722 2499 774 2553 Gn.
795 2499 820 2554 3.
845 2501 908 2553 item
934 2517 981 2557 aa.
1004 2527 1041 2541 -
1072 2487 1278 2571 extrinsecuss
1291 2510 1320 2556 ct

274 2590 461 2640 eatriusocus
480 2586 530 2656 Lg.
545 2589 571 2639 4.
586 2585 625 2639 13.
638 2584 679 2638 36.
694 2610 730 2624 -
748 2584 839 2653 quod]
859 2601 949 2654 quam
966 2594 994 2639 et
1010 2603 1074 2639 mox
1091 2592 1188 2639 totam
1204 2586 1318 2642 Bakins.

277 2669 365 2728 Quasi
390 2670 444 2722 dici
465 2687 521 2722 non
544 2670 632 2739 possit
652 2668 737 2721 aliud
751 2685 843 2739 qartus
863 2673 946 2733 artis
961 2669 1019 2723 sibi
1034 2672 1190 2724 assumere.
1209 2696 1246 2711 κ-
1271 2687 1320 2724 as-

277 2753 408 2820 sumunt]
427 2753 588 2806 adsumunt
605 2750 656 2822 Lg.
670 2752 695 2806 5.
712 2752 753 2809 17.
765 2751 806 2806 79.
824 2752 865 2806 73.
883 2752 926 2807 93,
945 2763 1009 2806 ante
1027 2753 1080 2805 boc
1095 2753 1206 2821 ponitur
1224 2759 1320 2807 totum

275 2837 303 2888 in
324 2835 375 2890 Gu.
388 2837 411 2889 l.
423 2837 449 2888 3.
461 2864 496 2877 —·
516 2836 730 2904 diartlsamque]
749 2834 916 2904 consultam
935 2836 985 2908 Lg.
997 2838 1021 2891 3.
1036 2837 1078 2890 67.
1111 2835 1259 2888 divulsam
1277 2838 1320 2891 13.

275 2918 462 2988 diuisamque
480 2919 520 2972 14.
536 2918 577 2971 15.
589 2918 632 2971 26.
649 2946 684 2960 —
703 2922 744 2972 sit
763 2921 844 2990 erqo]
863 2924 907 2973 sic
925 2937 993 2990 erqo
1008 2919 1060 2989 Lg.
1071 2920 1095 2972 3.
1111 2921 1136 2971 4.
1156 2920 1197 2973 13.
1217 2922 1258 2975 16.
1277 2921 1321 2975 21.

275 3000 317 3055 23.
337 3000 372 3053 24
389 3018 459 3054 corr.
477 3001 519 3055 32.
538 3001 579 3054 35.
600 2999 642 3054 36.
661 3002 704 3055 65.
723 3002 766 3056 67.
783 3002 825 3056 69.
845 3003 886 3057 79.
905 3002 945 3056 76.
966 3003 1000 3057 86
1018 3019 1088 3057 corr.
1110 3003 1149 3056 ita
1165 3020 1225 3057 var.
1245 3006 1271 3058 2.
1285 3035 1321 3045 -
1336 3022 1348 3033 ⁸

275 3091 364 3153 atqua
384 3086 466 3152 usit]
487 3102 523 3139 ac
542 3088 611 3140 usit.
631 3084 725 3140 (16.3.
743 3113 779 3127 —
804 3086 1041 3156 aequabilitatis]
1061 3087 1253 3156 aequalitatis
1270 3089 1320 3160 Lg.

274 3177 386 3238 praeter
406 3168 431 3220 2.
452 3168 478 3221 5.
497 3169 523 3223 6.
544 3170 584 3223 13.
603 3168 646 3222 32.
663 3168 706 3223 36.
725 3171 789 3222 item
807 3191 832 3225 u.
846 3172 909 3240 pud.
920 3189 941 3226 ε.
960 3172 1000 3224 ita
1017 3188 1087 3226 corr.
1107 3172 1149 3237 32.
1187 3242 1190 3245 ¹

297 3295 301 3299 Δ
364 3268 421 3324 189.
457 3276 503 3325 est
521 3270 568 3334 id,
591 3269 686 3340 quod]
712 3275 758 3323 est
778 3270 857 3323 idem
876 3271 956 3340 quod
977 3270 1072 3325 (16.3
1097 3270 1147 3342 ug.
1166 3242 1320 3341 praeteri.

272 3354 353 3407 314.
368 3352 411 3408 32.
424 3353 467 3409 36.
485 3363 515 3408 ut
529 3353 625 3408 Lumb.
639 3354 674 3408 el.
687 3383 722 3393 —
743 3355 863 3422 similis]
882 3355 979 3425 scripsi
993 3354 1141 3407 secundnm
1156 3355 1207 3425 Lg.
1227 3373 1322 3410 ornnes

275 3446 388 3507 praeter
406 3438 431 3490 2.
445 3439 470 3490 4.
487 3438 529 3493 32.
547 3465 583 3480 —
603 3438 710 3510 specie]
730 3441 842 3508 spectes
860 3438 911 3493 Gn.
930 3440 956 3493 3.
975 3468 1011 3479 —
1031 3437 1207 3507 differentis]
1226 3440 1322 3510 scripsi

174 3586 178 3593 ¹
275 3537 312 3573 ex
330 3520 380 3590 Lg.
402 3529 513 3590 praeter
530 3522 556 3575 3.
574 3523 600 3573 4.
620 3519 660 3573 16.
679 3521 721 3575 32.
740 3520 782 3576 35.
801 3521 843 3576 65.
862 3522 903 3577 67.
922 3525 961 3577 ita
980 3540 1051 3576 corr.
1069 3523 1112 3577 32.
1133 3532 1228 3576 contra
1244 3541 1277 3577 ac
1294 3523 1320 3579 2.

275 3603 454 3672 differentiis
470 3604 512 3659 tn
527 3636 558 3644 -
577 3605 791 3675 complectitur]
809 3606 1001 3677 amplectitur
1013 3605 1063 3676 Lg.
1076 3605 1119 3660 29.
1130 3634 1166 3645 -
1178 3607 1323 3678 pluris—

269 3689 383 3759 partt's]
403 3688 612 3757 suppeditarunt
629 3687 680 3759 Lg.
699 3687 724 3739 5.
744 3688 784 3742 16.
804 3688 846 3741 21.
865 3689 907 3744 24.
923 3690 966 3743 65.
984 3689 1025 3743 70.
1041 3690 1081 3744 73.
1094 3718 1130 3732 —
1147 3698 1226 3754 suut,
1246 3708 1323 3760 quae

274 3770 429 3841 qeneribus
450 3774 503 3835 tis,
523 3771 691 3841 caputius]
716 3769 769 3824 bec
785 3780 856 3841 suut
873 3772 1027 3844 qencrtbus
1045 3791 1083 3828 aa
1101 3773 1204 3843 quibus
1228 3774 1279 3828 Gn.
1295 3777 1322 3829 3.

275 3870 326 3923 pro
351 3857 390 3908 tis
412 3863 454 3907 est
477 3852 524 3907 bis
550 3857 577 3908 in
600 3855 649 3926 Lg.
669 3856 709 3908 15.
727 3855 769 3911 23.
794 3856 835 3909 24.
857 3857 960 3912 6567.
979 3856 1022 3912 69.
1040 3856 1081 3910 79.
1099 3858 1142 3912 73.
1160 3857 1259 3912 7664.
1276 3857 1322 3914 86.

276 3934 328 3987 Gn.
341 3938 365 3989 l.
381 3964 418 3978 —-
437 3940 575 4007 manum]
594 3938 736 4008 vulgarem
751 3941 913 4010 scripturum
928 3948 1070 3994 euranaut
1089 3942 1189 3994 cedere
1206 3942 1272 3995 lassi
1287 3944 1324 4009 ei,

279 4033 360 4085 qnam
378 4020 553 4089 suppeditant
573 4022 668 4090 optimi
692 4024 772 4079 codd.
792 4024 843 4095 lug.
862 4026 888 4079 2.
909 4027 933 4078 4.
954 4027 995 4079 13.
1015 4023 1050 4079 32
1066 4041 1136 4079 corr.
1156 4026 1198 4080 36.
1227 4025 1279 4079 Gn.
1297 4029 1324 4081 3.

277 4097 429 4156 Emauare
446 4102 481 4157 dc
499 4105 605 4174 origine
624 4105 749 4197 alicunde
770 4116 851 4179 capta
863 4108 1005 4164 Ciceronis
1025 4124 1081 4161 non
1099 4116 1148 4177 est,
1167 4110 1217 4163 nisi
1233 4108 1324 4181 figura
