2876 4612
279 304 379 383 ΒΜ
401 298 407 301 ’
677 303 934 376 CICERONIS

280 478 443 545 exice'mes
467 476 638 564 desperare
669 478 733 544 ista
757 497 853 564 posse
879 476 1059 564 perdiscere
1083 475 1151 555 veh
1182 470 1222 544 id
1254 479 1356 564 quod

280 595 377 672 iccio,
398 605 607 662 contemnere.
642 593 729 661 -Miii
748 614 854 661 rerum
874 595 1046 661 forensium
1065 604 1098 662 et
1118 598 1356 662 communium

278 713 422 798 vulgaris
449 712 531 781 haec
556 715 695 798 cognitio
721 714 801 779 satis
828 732 946 798 magne
971 722 1021 779 est
1046 696 1088 778 ad
1113 732 1200 792 eam,
1239 732 1354 800 quarn

280 842 399 920 specto,
421 831 648 917 eloquentiam
670 851 710 897 ex
731 849 794 915 qua
814 832 886 917 ipsa
905 841 1011 897 tamen
1031 830 1186 918 permulta
1205 833 1350 909 nescio,

280 960 447 1037 quactum
461 948 605 1035 denique,
627 969 697 1016 curn
719 967 819 1015 causa
834 948 952 1035 alique,
974 968 1056 1035 quae
1078 969 1099 1015 a
1119 968 1170 1014 me
1192 948 1349 1016 dicenda
1410 1008 1411 1033 q

279 1076 343 1145 cst,
365 1066 538 1144 desiderat,
560 1085 689 1153 quaero.
732 1064 835 1146 Quam
856 1066 897 1135 ob
918 1086 995 1145 rem,
1016 1068 1079 1132 nisi
1101 1066 1182 1133 icrtc
1205 1086 1247 1132 es
1271 1067 1345 1132 ianr
1410 1038 1411 1061 ¹

281 1184 428 1251 defessus
453 1192 485 1250 et
511 1186 540 1250 si
565 1183 624 1250 tibi
650 1204 715 1251 non
739 1203 856 1269 graves
883 1204 1005 1261 sumus,
1029 1184 1116 1250 refer
1142 1183 1184 1250 ed
1205 1184 1272 1249 illa
1292 1193 1339 1261 te,

280 1323 363 1390 quas
385 1303 428 1369 ad
442 1298 542 1389 ipsius
563 1303 718 1368 orationis
732 1301 859 1367 laudem
880 1301 1139 1388 splendoremque
1157 1303 1338 1388 pertinent3

280 1441 362 1508 quae
384 1440 445 1505 ego
467 1438 508 1487 ex
527 1430 558 1485 te
580 1419 689 1486 audire
707 1396 806 1497 uolui,
828 1439 892 1486 uon
912 1429 945 1484 ut
964 1419 1165 1509 desperarem
1187 1439 1238 1485 me
1264 1418 1336 1484 elo-
1411 1438 1412 1501 t

279 1540 438 1625 quentiam
459 1537 610 1623 consequi
630 1556 741 1623 posse,
764 1536 822 1603 sed
841 1547 875 1603 ut
897 1537 1016 1623 aliquid
1039 1537 1249 1604 addiscerem.

366 1651 531 1721 xxxvii
568 1651 641 1721 146
673 1651 756 1719 Tum
782 1651 933 1732 Crassus,
959 1652 1169 1739 Perrulgatas'
1195 1663 1251 1721 r'cs
1277 1673 1332 1720 re·

279 1774 395 1862 quiris,
420 1774 534 1860 inquit,
564 1783 596 1840 et
621 1772 680 1839 tihi
704 1793 768 1839 non
793 1772 986 1857 incognitas,
1014 1771 1155 1859 Sulpici3
1181 1780 1223 1821 ’-
1258 1773 1329 1857 quis

281 1894 364 1960 enim
387 1891 426 1957 de
441 1892 503 1958 isto
520 1911 637 1975 genere
658 1910 723 1957 non
744 1890 849 1957 docuit
869 1909 933 1955 non
947 1891 1078 1955 instituit
1098 1910 1163 1968 non
1178 1891 1327 1976 scripturn

279 2010 375 2075 etiam
403 2007 553 2092 reliquiti
576 2044 616 2059 -
651 2006 710 2072 sed
740 2026 851 2091 geram
882 2027 1000 2074 morem
1027 2016 1058 2074 et
1091 2027 1131 2073 ea
1156 2007 1324 2084 dumtaxat

281 2142 363 2211 quac
394 2122 470 2189 mihi
500 2133 577 2189 ncta
608 2132 692 2200 sunt,
723 2122 862 2190 breviter
892 2144 1044 2212 exponam
1076 2126 1153 2205 tibi3
1186 2123 1322 2192 censebo
1412 2214 1413 2219 Ἰ

278 2252 384 2313 tamen
414 2241 458 2310 ad
483 2260 559 2319 ecs,
592 2243 645 2327 qui
675 2250 821 2308 auctores
852 2252 883 2308 et
907 2243 1086 2310 inventores
1118 2252 1190 2310 sunt
1215 2241 1321 2308 herum
1413 2302 1414 2335 q

279 2381 359 2429 saue
381 2363 567 2427 minutarum
588 2378 706 2439 rerum,
728 2360 953 2427 revertendum.
980 2359 1069 2447 ¹149.
1097 2357 1207 2427 Omnis
1229 2361 1319 2446 igitur
1413 2350 1414 2433 ἶ

281 2598 354 2656 Vict.
372 2626 408 2640 -
435 2601 497 2652 ictu
516 2614 607 2671 poree
624 2594 807 2670 perdiscere]
831 2594 885 2652 hoc
902 2597 992 2669 posito
1016 2596 1067 2669 Lg.
1087 2605 1199 2668 praeter
1215 2594 1256 2650 73.
1274 2594 1313 2648 37.

279 2682 577 2750 eumenides,
596 2683 660 2736 item
678 2682 748 2737 Vict.
768 2681 819 2737 Gu.
838 2691 904 2749 tres,
923 2691 952 2736 ot
969 2681 1053 2736 edidit
1069 2679 1136 2738 Ero.
1172 2682 1242 2735 Ante
1258 2695 1314 2733 eum
1413 2694 1414 2699 ¹

279 2770 307 2824 iu
324 2770 465 2840 plerisque
484 2767 544 2821 edd.
566 2776 626 2821 eret
642 2784 730 2839 posse
748 2772 817 2823 isio.
836 2797 872 2808 -
902 2764 1049 2837 defessus]
1066 2765 1165 2836 fessus
1184 2765 1234 2838 Lg.
1250 2765 1271 2819 3.
1289 2763 1311 2819 6.

253 2901 257 2914 ,
278 2854 436 2909 3167.-
452 2869 510 2906 nore
527 2868 632 2923 qraoeo
650 2851 764 2923 mmsis]
782 2868 888 2924 qraeeo
905 2869 964 2905 reon
982 2869 1082 2906 sumus
1099 2850 1202 2907 lamb.¹
1221 2866 1312 2904 oumttr

279 2948 332 2991 om.
349 2935 401 3007 Lg.
420 2937 445 2991 3.
471 2936 512 2989 ld.
531 2936 571 2990 16.
595 2935 637 2989 el.
654 2936 697 2991 23.
716 2935 759 2990 69.
778 2937 819 2990 70.
835 2936 876 2991 73.
894 2936 937 2990 86.
960 2936 1048 3000 vrct.;
1065 2936 1099 2989 nt
1126 2937 1197 2989 enim
1221 2951 1310 3007 qruoe,

278 3010 340 3074 cum
357 3021 448 3090 eiiiqsi
464 3019 545 3073 verbi
562 3019 732 3086 substantivi,
751 3021 825 3091 quod
843 3022 952 3075 additur
968 3023 996 3074 in
1013 3020 1063 3092 Lg.
1080 3022 1121 3076 76.
1138 3050 1174 3061 -
1197 3037 1254 3074 uon
1268 3017 1310 3089 ui]

278 3106 334 3160 inv.
352 3103 405 3157 Gu.
424 3103 448 3157 1.
467 3128 504 3144 ·-
530 3101 722 3174 desperarem
739 3104 800 3175 me]
820 3107 875 3161 inv.
894 3105 943 3178 Lg.
962 3105 988 3161 3.
1006 3106 1049 3161 67.
1068 3105 1252 3161 documii.

363 3202 505 3261 xxxvii.
537 3202 594 3259 lte.
622 3208 760 3274 requiris,
778 3207 888 3278 inquit]
906 3208 1010 3262 restitui
1026 3207 1106 3263 codd.
1125 3207 1185 3261 iere
1204 3206 1308 3261 omniurn

277 3293 402 3361 ordinem
418 3309 436 3346 a
452 3289 549 3345 Maeli.
568 3287 618 3344 Or.
635 3288 720 3344 fleur.
739 3291 881 3355 reiectum„
912 3293 947 3347 111
964 3293 1130 3364 scripserunt
1147 3297 1253 3363 iuquit,
1268 3309 1308 3345 re·

278 3381 383 3451 quiris,
402 3393 437 3430 ex
455 3375 520 3431 solis
539 3373 647 3445 quidem
660 3373 750 3451 Hayn.
760 3376 790 3431 ‘l.
808 3377 858 3449 ng.
872 3380 890 3433 3
904 3379 938 3447 (is
954 3381 1081 3448 requirit
1098 3395 1169 3434 corr.
1183 3379 1306 3449 requiris,

278 3461 353 3531 quod
376 3461 457 3515 etiem
478 3452 507 3513 in
529 3460 583 3527 Gn.
601 3461 626 3515 3.
651 3461 715 3529 est‚)
733 3460 759 3516 6.
777 3462 820 3518 67.
845 3462 915 3520 Vict.
937 3463 977 3532 (is
1000 3462 1176 3532 requiritis).
1199 3492 1233 3504 -
1257 3476 1306 3514 nort

277 3550 425 3618 scriptum
445 3544 550 3616 eriam]
571 3546 710 3617 volgatum
729 3548 853 3605 ordinem
871 3564 930 3601 uon
947 3550 1041 3601 eiiam
1058 3550 1203 3620 seriptum
1220 3544 1307 3600 mutavi

276 3638 387 3685 secutus
402 3629 453 3702 Lg,
468 3640 579 3702 praeter
594 3633 619 3686 d.
634 3632 660 3687 6.
680 3631 719 3684 ld.
733 3631 776 3687 67.
791 3633 833 3687 69.
849 3631 892 3687 61.
911 3649 1005 3686 omnes
1025 3639 1053 3684 et
1067 3631 1120 3703 Gn,
1132 3631 1158 3687 2.
1174 3633 1200 3688 3.
1226 3635 1306 3685 etium

278 3731 331 3768 om.
354 3713 404 3786 Lg.
428 3713 453 3771 6.
489 3715 539 3769 Vis
563 3715 721 3770 sententiae
740 3719 768 3772 iu
792 3721 936 3790 seriptum
960 3726 1003 3772 eat
1025 3717 1108 3788 idque
1131 3716 1194 3790 lege
1215 3716 1305 3770 numeri

276 3800 390 3858 oratorii
407 3802 642 3871 praeponendum.

365 3901 422 3956 143.
450 3907 530 3956 ratio
539 3931 576 3945 --
585 3903 682 3959 cerdis
696 3903 755 3974 eet]
770 3904 840 3958 hoec
854 3921 907 3960 om.
921 3903 972 3976 Lg.
985 3904 1028 3959 36.
1041 3932 1077 3946 ·-
1094 3910 1124 3956 et
1138 3899 1302 3970 coniunctio]

276 3988 374 4058 scripsi
392 4003 426 4039 ex
441 3986 492 4056 Lg.
505 3987 530 4040 2.
553 3986 651 4041 13:15.
666 3988 708 4043 31.
727 3988 770 4042 36.
786 3989 829 4044 86.
848 3990 932 4060 volgo
949 3993 1180 4058 coniunctisque,
1199 3987 1246 4073 sed
1259 4003 1302 4057 que

277 4072 355 4124 abest
376 4087 394 4123 a
414 4070 466 4123 Gn.
484 4070 510 4122 3.
535 4079 563 4123 et
583 4070 634 4141 ng.
652 4071 711 4136 32,
736 4073 781 4139 qui
806 4077 976 4127 extenuares
1001 4089 1052 4143 pro
1076 4090 1115 4127 ear
1139 4074 1301 4125 continuatis

274 4152 386 4209 hebeni.
402 4181 439 4195 ·-
467 4158 523 4208 aui
544 4153 597 4224 iic]
621 4160 675 4210 aui
696 4153 744 4209 urs
768 4155 818 4229 mg.
839 4156 880 4214 15.
903 4158 944 4212 20.
962 4156 1004 4212 21.
1025 4156 1069 4213 32.
1090 4155 1133 4212 65.
1151 4155 1195 4210 67.
1211 4155 1250 4211 63.
1266 4155 1299 4210 76
