2968 4596
254 367 334 415 xxm
406 344 537 413 INDEX
560 341 897 412 GOMPENDIORUM
919 345 1147 415 SCRIBENDI.

264 511 331 567 Veto.
352 511 489 568 editiones
507 511 640 568 Venetae.

257 599 331 657 Vici.
351 601 443 655 codex
460 599 639 655 Monacensis
657 600 721 653 oiim
738 600 863 658 Victorii.

176 734 179 738 .
261 687 331 744 Vsa
350 706 373 744 s.
401 688 460 744 Vct.
482 687 583 761 Scapt.
602 687 825 743 codicescarott
843 690 986 761 Stephani.

250 776 324 832 add.
342 776 407 831 addi
426 778 515 833 verba
533 777 669 846 quaedam
686 777 712 830 in
731 777 823 848 aliquo
841 779 912 834 libro
930 778 1074 852 significat.

250 882 271 919 a
285 883 336 937 pr.
355 882 395 920 m.
415 866 485 920 sive
492 883 538 939 pr.
556 882 596 919 m.
616 865 737 935 aprima
755 883 836 920 manu
855 868 957 937 scripta
973 867 1118 939 significat.

252 969 273 1007 a
292 971 350 1008 sec.
368 971 407 1009 m.
425 955 487 1007 sive
504 971 544 1007 m.
563 970 620 1007 aec.
643 970 660 1006 a
679 953 798 1006 secunda
815 970 895 1008 manu
915 955 1017 1026 scripta
1034 955 1179 1028 significat.

252 1057 330 1099 cerr.
353 1058 468 1095 numero
487 1041 588 1094 codicis
608 1040 743 1106 additum,
768 1040 844 1095 velut
865 1041 989 1110 deorse,
1012 1044 1067 1114 legi
1091 1042 1194 1112 aliquid
1216 1041 1243 1094 iu
1261 1058 1296 1093 eo

306 1128 412 1196 codice,
431 1128 482 1183 sed
499 1137 652 1183 correctum
666 1128 701 1181 ad
715 1128 825 1182 modum
838 1131 991 1202 scripturae
1004 1134 1134 1204 vulgatae
1151 1127 1296 1200 significat.

198 1276 202 1286 ⁴
252 1234 319 1290 emp.
344 1234 458 1272 numero
482 1216 584 1271 codicis
607 1216 729 1269 additum
752 1216 890 1289 significat
911 1221 1042 1293 scriptum
1065 1219 1222 1282 immisse,
1246 1216 1296 1270 sed

303 1315 468 1377 expunctum
498 1323 560 1360 esse
590 1323 608 1358 a
637 1314 810 1371 correctore3
841 1323 916 1363 corr.
947 1314 977 1361 et
1003 1325 1069 1380 eam.
1099 1305 1297 1362 correctionem

303 1395 520 1464 qualemcunque
542 1410 636 1448 rursus
657 1404 829 1464 expunctum.

253 1484 342 1536 inser.
364 1499 448 1554 supra
465 1483 612 1536 lectionem
629 1493 867 1539 commemoratam
884 1478 987 1557 scripta
1003 1479 1148 1555 significat.

252 1571 309 1622 ino.
335 1584 449 1622 numero
472 1570 573 1624 codicis
591 1573 782 1641 praemissum,
808 1575 884 1628 velut
907 1592 960 1629 me
983 1578 1019 1629 in
1038 1579 1093 1630 inv.
1112 1570 1137 1626 ἢ.
1159 1587 1193 1625 ea
1208 1566 1295 1631 verba

303 1656 417 1711 inverso
438 1658 535 1731 ordine
553 1658 644 1728 posita
661 1658 805 1730 significat.

251 1751 298 1802 ita
316 1763 391 1801 corr.
412 1746 514 1800 indicat
533 1745 626 1816 aliquo
644 1749 726 1802 modo
744 1757 897 1803 correctum
915 1747 1046 1801 codicem.

251 1838 297 1889 ita
319 1838 407 1888 inter.
436 1834 539 1888 indicat
556 1834 656 1890 alicubi
672 1854 758 1908 supra
774 1837 920 1907 scriptum,
943 1832 1115 1904 quodmodo
1133 1846 1293 1886 commemo-

303 1931 391 1975 ratum
409 1922 452 1975 sit.

252 2013 298 2064 iia
314 2025 340 2062 n.
362 2009 424 2061 sive
439 2026 503 2065 aar.
522 2009 624 2081 aliquid
641 2028 694 2082 pro
708 2013 787 2066 varia
803 2014 952 2084 scriptura,
971 2028 1053 2082 quam
1070 2009 1176 2075 dicunt,
1195 2005 1294 2061 alicubi

305 2106 415 2151 exstare
432 2096 575 2168 significat.

253 2201 311 2240 om.
333 2184 469 2238 omissum.

251 2290 277 2328 c.
301 2291 330 2326 u.
357 2279 376 2327 t.
403 2272 525 2326 codicem
553 2289 605 2343 pro
629 2273 708 2326 varia
734 2273 869 2343 scriptura
894 2275 1040 2332 lectionem
1068 2280 1182 2335 temtus,
1212 2288 1292 2340 quem

209 2388 215 2394 -
307 2370 424 2428 vocant,
445 2360 565 2415 additum
581 2367 733 2417 monstrare
750 2360 859 2418 indicat.
972 2364 976 2370 ’
