2980 4602
289 330 347 403 ss
497 327 556 419 g
680 322 937 392 urusaorus

287 495 394 565 verbis
415 470 547 581 definita*
562 494 732 579 generibus
751 494 909 561 illustrata
923 492 1064 581 partibus
1084 493 1251 561 distributa
1265 506 1336 564 sunt
1396 552 1404 566 .

290 614 339 698 (id
365 612 449 699 quod
477 612 569 679 video
590 615 730 699 potuisse
758 611 857 694 fieri):
887 632 951 679 non
978 612 1128 697 intellego
1139 626 1154 690 ,·
1174 633 1267 699 quam
1293 614 1334 683 ob

286 753 353 799 rem
373 751 452 808 non,
474 732 503 795 si
524 732 625 795 minus
647 729 706 794 illa
726 729 834 796 subtili
856 729 1048 808 delinitione,
1071 740 1104 795 ai
1125 729 1186 796 hac
1206 731 1332 816 vulgari

166 872 170 879 ·
287 852 433 937 opimone
458 867 511 913 ars
539 867 611 912 esse
632 847 785 913 videatur.
829 845 896 912 Sed
917 850 985 913 sive
1013 857 1062 912 est
1087 867 1140 913 ars
1163 851 1230 914 sive
1257 852 1337 915 artis

287 965 442 1055 quaedam
478 964 668 1041 similitudo,
707 985 770 1031 nou
805 975 854 1030 est
885 984 925 1030 ea
958 965 1084 1051 quidem
1118 930 1335 1050 neglegenda,

286 1104 394 1153 uerum
419 1081 662 1167 intellegendum
684 1092 732 1148 est
754 1081 820 1147 alia
841 1083 996 1169 quaedam
1018 1082 1059 1148 ad
1081 1078 1343 1170 consequendam·

287 1183 497 1295 eloquentiam
522 1220 594 1266 esse
618 1202 750 1266 maiora.

371 1316 487 1391 XXIV.
521 1317 593 1383 116.
621 1316 702 1382 Τιιιιι
724 1317 880 1383 Antonius
900 1316 1101 1384 uehementer
1127 1337 1162 1382 se
1186 1317 1333 1382 assentiri

286 1438 405 1505 Crasso
432 1436 522 1514 dixit,
551 1436 634 1521 quod
660 1452 759 1521 neque
787 1437 832 1500 ita
857 1435 1094 1521 amplecteretur
1115 1437 1227 1512 artem,
1254 1444 1287 1498 ut
1309 1435 1333 1499 ii

285 1557 433 1632 solerent,
455 1554 508 1638 qui
530 1572 651 1619 omnem
672 1554 735 1618 vim
757 1553 882 1618 dicendi
904 1555 937 1618 in
959 1563 1025 1619 arte
1047 1562 1206 1643 ponerent,
1228 1571 1331 1637 neque

280 1797 325 1855 65.
343 1797 386 1852 73.
410 1823 446 1836 -
475 1791 657 1862 definitione]
682 1791 719 1847 da
740 1790 800 1861 fiae
822 1790 872 1862 Lg.
896 1792 921 1847 3.
945 1793 987 1848 33.
1012 1809 1083 1847 eom.
1108 1792 1230 1863 diffinit.
1254 1782 1331 1847 multi

283 1884 392 1938 vitiose.
411 1910 448 1922 —
466 1885 500 1932 at
517 1877 585 1947 tac]
604 1895 641 1931 aa
658 1877 709 1931 Gu.
723 1878 748 1931 3.
766 1906 802 1916 -
822 1877 885 1944 ars]
904 1894 956 1931 om.
975 1874 1032 1949 qu
1044 1878 1086 1932 17.
1105 1906 1141 1919 -—
1162 1882 1222 1932 siva
1239 1877 1330 1949 artis]

283 1972 344 2022 sivo
364 1971 409 2020 esi
426 1967 503 2017 artis
520 1961 571 2034 Lg.
588 1962 630 2017 35.
642 1990 680 2003 -
696 1961 828 2031 quidem]
846 1979 900 2019 om.
916 1960 970 2015 hoc
987 1971 1015 2016 ot
1032 1980 1090 2032 sqq.
1110 1981 1197 2033 usque
1213 1964 1248 2017 ad
1266 1964 1330 2017 alia

282 2052 334 2109 Gn.
353 2052 380 2105 3.
415 2047 536 2120 quidem
555 2045 909 2117 οιιι.113.3.13.33.36.
941 2063 1000 2100 ιιοιι
1021 2054 1066 2101 est
1084 2066 1119 2101 ea
1137 2049 1256 2118 quidem
1278 2049 1327 2121 Lg.

284 2136 380 2201 ceteri,
400 2151 469 2202 quos
485 2148 596 2200 sequor,
615 2130 689 2201 quod
702 2130 837 2184 adverbio
857 2132 977 2200 quidem
994 2149 1089 2186 curere
1107 2151 1162 2187 uon
1177 2151 1327 2204 possumus.

282 2220 379 2291 Steph.
398 2218 467 2274 lunt.
484 2215 561 2271 Man.
577 2215 653 2270 Grut
673 2232 734 2269 ιιοιι
751 2222 797 2270 est
814 2215 933 2286 quidem
951 2234 995 2271 aa
1023 2218 1160 2286 equidem
1176 2218 1329 2289 11581-

280 2301 475 2377 aeplependo]
499 2301 538 2354 sle
557 2299 607 2372 bg
629 2301 733 2357 3665.
761 2302 850 2355 eidem
873 2302 1162 2372 intellipeadam.-
1195 2305 1250 2372 ast]
1274 2321 1328 2359 om.

281 2392 333 2447 Gn.
353 2393 377 2447 1.
399 2388 471 2441 idem
489 2404 543 2442 om
562 2404 633 2442 asse.

367 2476 471 2533 XXIV.
508 2475 568 2533 110.
604 2474 761 2545 assentiri]
781 2458 916 2534 siccodd.
935 2475 1074 2545 plerique,
1094 2477 1215 2531 sednon
1234 2477 1327 2548 optimi

281 2567 334 2640 Lg.
351 2568 377 2623 3.
398 2567 423 2620 3.
443 2565 546 2624 1333.
565 2565 608 2623 36.
628 2564 671 2619 65.
689 2564 731 2622 76.
759 2563 809 2621 Gn.
831 2565 856 2619 3.
875 2565 900 2618 3.
921 2563 991 2618 Vlct.
1028 2564 1086 2617 Sed
1104 2566 1231 2636 exemplo
1248 2567 1328 2620 vorbi

281 2655 445 2726 deponentis
463 2653 523 2723 plus
543 2654 738 2725 qulnquaginta
755 2651 936 2706 Ciceroniana
954 2652 1072 2706 collecta
1088 2652 1192 2719 habeo,
1218 2656 1327 2707 activae
1429 2678 1438 2697 ι
1473 2668 1474 2701 ι

280 2746 385 2799 somnae
402 2743 465 2806 tria,
484 2749 512 2793 et
531 2741 638 2809 quidem
657 2740 813 2810 praeteriti:
832 2739 943 2794 Divers.
954 2739 989 2798 V.
1003 2742 1029 2806 3,
1047 2741 1072 2796 9.
1093 2741 1128 2798 Q
1143 2741 1186 2796 Fr.
1205 2741 1239 2797 ll.
1258 2744 1284 2808 1,
1298 2745 1331 2800 3.

277 2834 332 2887 Att
348 2830 382 2889 ll
399 2827 575 2908 1‚8.=nam
592 2832 738 2881 assentire
757 2828 819 2882 Diu.
834 2826 856 2882 l
874 2828 948 2896 na,
969 2830 1093 2898 quumvis
1112 2830 1139 2882 iu
1158 2831 1218 2885 cod.
1235 2830 1325 2900 Med,

276 2920 349 2972 mole
371 2892 454 2969 scribi
476 2923 561 2983 puto,
585 2931 636 2967 nec
660 2915 766 2984 recepit
783 2912 920 2982 Orellius,
944 2926 972 2970 et
995 2921 1189 2973 assentires
1181 2937 1209 2974 ιιι
1228 2922 1326 2978 eodem

275 3008 330 3061 Att
349 3004 421 3058 XlV.
441 3001 522 3067 19,1
548 3001 649 3056 dudum
674 3003 846 3057 emendatum
868 3013 910 3058 est
931 3011 1087 3061 assentiris
1107 3009 1222 3063 alterum
1241 3028 1323 3065 sensu

277 3112 332 3149 non
356 3093 471 3150 serente,
514 3088 610 3157 ltaque
630 3090 780 3143 solitariam
804 3091 918 3145 formam
943 3092 1063 3163 probare
1086 3113 1142 3150 uon
1169 3098 1267 3153 audeo.
1287 3125 1324 3143 v·-

275 3181 305 3235 ln
328 3180 378 3252 ug.
398 3180 422 3232 i.
448 3179 592 3237 assentiri
611 3177 711 3247 legitur
735 3196 796 3231 eum
817 3179 908 3232 mendi
928 3182 1099 3250 suspicione,
1125 3183 1274 3239 adsentiri
1295 3187 1324 3240 in

274 3270 299 3324 5.
327 3269 370 3324 67.
394 3267 436 3323 76.
462 3295 498 3305 -
531 3265 771 3337 amplecter-star]
803 3265 1046 3343 eompleeiereiar
1071 3269 1121 3340 Lg.
1146 3271 1188 3328 17.
1213 3300 1250 3313 -
1285 3272 1323 3344 tt]

274 3356 308 3411 ht
330 3355 378 3427 1,3.
403 3355 446 3409 76.
465 3354 508 3410 su.
530 3353 573 3412 63.
612 3352 657 3406 ati
679 3354 704 3411 3.
729 3354 771 3409 67.
795 3383 832 3399 ·-
865 3354 1012 3426 solerent]
1039 3356 1143 3412 solerii
1167 3358 1217 3431 Lg.
1241 3362 1267 3415 3.
1287 3388 1323 3406 -ι

278 3440 395 3511 rarsas]
421 3442 503 3511 vulgo
523 3458 650 3497 rursum.
686 3440 808 3494 Alterum
829 3441 931 3496 habent
954 3442 1004 3515 Lg.
1024 3446 1049 3499 3.
1067 3447 1092 3502 3.
1112 3447 1137 3499 4.
1156 3447 1260 3507 1336.
1278 3449 1321 3508 31.

263 3532 316 3586 36.
335 3530 378 3583 67.
396 3528 439 3584 84.
469 3527 520 3583 Gn.
539 3530 565 3588 3,
583 3555 620 3571 ι·-
650 3527 741 3599 sieut]
765 3532 856 3582 siaati
879 3526 928 3601 [15.
949 3531 991 3590 15.
1011 3532 1053 3586 36.
1070 3562 1107 3573 --
1135 3535 1322 3608 repudiaret]

272 3618 432 3692 repudiari
448 3615 500 3670 Gn.
520 3617 545 3671 3.
560 3645 596 3656 -
614 3622 737 3687 pratum
755 3622 783 3669 ie
799 3616 856 3680 tis,
877 3616 983 3673 Crasse
998 3620 1165 3693 saetarum]
1185 3625 1224 3677 sic
1242 3626 1324 3694 pleri.

271 3724 325 3778 quo
344 3704 424 3763 codd.
444 3704 539 3773 (etiam
558 3703 607 3774 Lg.
625 3706 651 3762 3.
672 3706 697 3760 4.
716 3705 823 3761 1336.
844 3705 886 3764 85.
905 3706 948 3764 93.
973 3708 1024 3762 Gu.
1042 3709 1087 3777 3),
1108 3711 1206 3780 stepo,
1224 3712 1322 3774 Lamb.

257 3794 352 3848 -Grut
371 3791 438 3847 Ειιι.
455 3790 539 3846 fleur.
565 3791 614 3845 Ῐιίο
634 3810 713 3856 essa,
736 3791 858 3858 Crasse,
877 3793 951 3863 saei.
975 3794 1066 3856 flavo,
1090 3798 1123 3853 A.
1144 3799 1234 3855 [lehn.
1258 3802 1322 3861 ΑΜ.

271 3880 341 3936 lunt.
362 3879 436 3933 Cret.
455 3876 535 3933 Man.
555 3879 620 3936 Sch.
639 3877 705 3945 Oa,
731 3882 828 3950 quibus
846 3881 896 3952 Lg.
916 3882 1040 3953 plerique
1058 3886 1192 3941 accedunt
1209 3905 1271 3942 nom
1293 3895 1323 3944 te

269 3964 317 4019 Itis
336 3971 457 4035 pratum
473 3981 542 4019 corr.
563 3983 627 4019 essa
638 3973 758 4037 pratum
778 3968 820 4024 15.
849 3975 878 4021 te
891 3968 938 4022 his
954 3977 1032 4040 prat.
1047 3973 1196 4042 ossefaet.
1214 3975 1323 4031 Crasso

188 4084 194 4091 ,
267 4052 311 4107 36.
340 4057 369 4103 ia
387 4050 434 4103 luis
449 4068 493 4121 pr.
517 4050 624 4105 Crasse
642 4069 705 4104 esse
720 4052 795 4121 faut.
813 4055 839 4109 3.
857 4057 900 4110 33.
914 4055 956 4110 33.
969 4056 1011 4111 65.
1025 4058 1068 4115 67.
1100 4066 1129 4113 ia
1145 4060 1193 4115 his
1214 4063 1323 4118 Crasso

271 4154 337 4192 esse
356 4136 432 4208 fact.
451 4136 541 4193 liuva.
558 4136 594 4195 B.
613 4137 711 4199 Muell,
736 4158 788 4200 om.
809 4140 932 4207 Crasse,
956 4152 1050 4201 uetera
1074 4155 1104 4203 ut
1119 4149 1144 4207 3.
1171 4158 1234 4208 cett.
1255 4151 1320 4211 eud.
1385 4206 1387 4211 .
