2938 4590
255 309 361 387 m
501 326 505 331 ·
658 301 915 373 clansoris

257 499 327 557 run
358 477 453 547 iactis
484 485 537 542 aut
564 456 655 543 dictis
686 486 739 543 aut
770 476 890 542 eventis
921 484 952 542 et
982 472 1074 541 betae
1103 479 1304 545 narrationes

255 620 358 691 “saepe
375 603 548 691 ponendae.
592 601 657 668 iam
680 622 720 668 er
741 604 912 701 contrario:
937 602 973 668 Si
989 602 1151 668 Greemus
1171 604 1305 687 colmie,

230 810 234 813 ,
258 735 423 815 praeclare
446 730 602 812 Opimius.
647 729 718 794 170.
740 727 787 794 Ex
809 728 1086 815 consequentibus:
1111 727 1148 804 Si
1169 738 1199 797 et
1218 729 1306 813 ferro

259 859 442 939 interfectus
473 858 525 920 ille
559 866 588 921 et
620 866 654 921 tu
679 857 827 922 iuimicus
853 859 920 920 eius
948 875 1019 921 cum
1043 856 1149 938 plodio
1176 865 1306 922 muoso

262 951 501 1079 comperiremus
532 985 568 1048 iu
593 983 648 1046 illo
674 984 743 1063 ipso
772 984 838 1047 loco
870 994 899 1049 et
928 1002 1019 1048 acme
1048 991 1178 1064 praeter
1208 993 1236 1047 te
1262 981 1307 1046 ibi

263 1113 351 1174 visus
377 1118 422 1173 est
448 1119 477 1174 et
498 1118 601 1173 carisa
616 1111 734 1173 uemiui
755 1120 784 1174 et
805 1121 840 1174 tu
861 1128 981 1191 semper
1001 1109 1126 1173 cudda:
1153 1107 1228 1190 quiid
1249 1115 1305 1179 est,

160 1238 163 1249 '
265 1236 362 1317 quod.
377 1236 414 1299 dc
438 1235 581 1316 ieciuore
607 1236 750 1299 dubitare
772 1238 961 1316 possimus?
1010 1226 1059 1299 Ex
1086 1232 1308 1299 consentaneis

265 1370 296 1426 et
327 1359 601 1447 praecurrentibus
638 1370 669 1426 et
699 1361 962 1447 repugnantibus,
999 1370 1032 1426 ut
1063 1358 1138 1424 olim
1171 1355 1308 1423 Crassus

266 1483 470 1550 adolescens:
499 1485 572 1552 Nou
598 1490 627 1551 si
651 1487 812 1568 Opimium
833 1490 1012 1572 deseudisli,
1044 1486 1159 1561 Carbo,
1190 1486 1308 1549 idcirce

265 1622 293 1677 tc
320 1614 375 1687 isti
400 1613 516 1677 bouum
542 1617 639 1678 civem
660 1616 828 1696 portabunt.
881 1613 1051 1679 Simulasse
1080 1623 1107 1678 te
1134 1622 1163 1678 et
1189 1609 1310 1694 aliquid
1425 1609 1430 1613 ’

265 1732 423 1811 pomesisse
440 1734 644 1814 perspicuum
659 1743 714 1807 est,
738 1734 822 1815 quod
847 1732 893 1797 Ti.
911 1732 1045 1798 Gracchi
1066 1741 1198 1796 mortem
1219 1746 1310 1810 saepe

178 1918 181 1929 ,
265 1857 301 1918 iu
323 1851 519 1914 cautionibus
546 1852 734 1931 deplorasti,
760 1852 850 1935 puod
870 1851 906 1916 P.
927 1852 1072 1934 Africani
1097 1853 1180 1914 meis
1206 1850 1310 1914 socius

266 2033 408 2102 altorum]
427 2033 534 2088 alicnis
551 2033 599 2105 hg.
618 2034 643 2088 4.
664 2064 694 2074 -
725 2035 848 2102 comite]
869 2040 986 2088 meatus
1004 2033 1053 2105 ag.
1073 2032 1105 2086 17
1124 2049 1194 2086 corr.
1229 2043 1324 2087 eren-¹

267 2119 345 2175 tibus
367 2121 410 2175 93.
428 2149 463 2162 --
493 2125 521 2171 ei
537 2119 638 2190 fictae]
663 2126 716 2173 aret
737 2119 827 2188 pictae
849 2120 901 2192 Lg.
922 2120 961 2176 14.
984 2119 1027 2176 63.
1045 2147 1081 2160 ·-
1110 2120 1310 2187 nemeaeum]
1465 2156 1466 2207 p

262 2208 420 2260 'orationes
443 2205 494 2276 ng.
515 2205 554 2260 15.
573 2206 615 2259 86.
638 2237 668 2247 -
701 2207 776 2273 tam]
802 2206 872 2259 lum
886 2205 937 2277 Ing.
962 2208 986 2260 3.
1013 2204 1052 2259 14.
1079 2204 1118 2258 15.
1143 2203 1182 2259 16.
1207 2202 1249 2260 63.
1268 2205 1311 2257 64.
1353 2242 1357 2249 .-
1465 2218 1466 2239 i

261 2291 310 2347 67.
329 2292 370 2345 79.
390 2291 431 2345 73.
450 2291 493 2347 86.
517 2292 555 2343 ito
571 2308 632 2362 ¹ver.
653 2291 693 2346 76.
725 2294 789 2345 lam
812 2293 837 2345 4.
863 2291 888 2343 5.
911 2292 937 2348 6.
962 2290 1004 2345 61.
1028 2289 1063 2343 36
1080 2307 1151 2342 corr.
1177 2291 1248 2344 1113.
1267 2290 1310 2344 36.

267 2377 310 2432 65.
329 2377 371 2431 69.
402 2375 496 2429 Verba
507 2377 712 2449 poucudue—
724 2380 875 2431 contrario
897 2393 950 2430 om.
971 2374 1023 2431 Gu.
1040 2375 1065 2429 3.
1083 2404 1119 2414 -
1151 2373 1312 2443 Gracchus]

272 2462 303 2519 Τ.
321 2461 452 2516 Graccus
472 2460 520 2532 hg.
535 2461 560 2516 6.
592 2460 913 2519 aureatenses.
946 2459 975 2514 0.
998 2458 1148 2514 Gracchus
1165 2461 1190 2516 4.
1219 2459 1314 2514 Verbo

268 2549 386 2619 nefarie
399 2580 429 2589 -
448 2546 586 2620 Opimius
610 2564 663 2601 om.
683 2547 733 2620 ag.
752 2547 777 2603 6.
799 2546 973 2603 13316611.
993 2546 1036 2601 36.
1063 2544 1116 2600 Gu.
1135 2547 1160 2601 3.
1197 2549 1313 2623 opimus

271 2634 311 2690 17.
331 2635 454 2688 760011.
1262 2667 1266 2673 -

261 2762 265 2767 .
357 2720 414 2773 170.
452 2718 494 2785 sl]
512 2724 546 2771 ut
563 2723 591 2772 st
610 2717 700 2789 Lgsss.
720 2719 758 2771 ita
775 2735 847 2773 corr.
860 2718 903 2773 36.
920 2744 956 2757 —-
975 2718 1115 2769 inimicus
1132 2717 1207 2783 eius]
1227 2719 1266 2768 ira
1284 2718 1316 2769 ei

269 2804 364 2875 1136
385 2804 486 2859 1336.
522 2803 592 2857 Hinc
615 2803 714 2856 factrrm
739 2809 768 2856 et
793 2805 895 2857 omisso
921 2801 1082 2872 pronomine
1105 2799 1133 2851 in
1155 2798 1205 2868 Ing.
1225 2798 1251 2854 5.
1273 2800 1312 2855 14.

175 2909 177 2914 ¹
273 2870 1315 2946 mumummmmmmmmummmm

271 2991 342 3028 corr.
363 2974 403 3027 16.
421 3003 457 3015 -
488 2975 773 3048 consprelueusus1es
795 2976 879 3046 vulgo
899 2972 962 3027 addi
980 2972 1089 3027 solitum
1107 2968 1187 3021 omisi
1206 2977 1315 3024 secorius

270 3058 414 3129 sagaxfl
440 3061 584 3132 bonosque
609 3078 718 3124 ornnes,
736 3062 807 3114 item
832 3059 900 3115 Vict.
927 3058 979 3112 Gu.
997 3059 1022 3112 3.
1040 3085 1076 3098 κ-
1103 3058 1185 3109 cimus
1201 3056 1264 3122 est]
1287 3071 1314 3109 e.
1369 3116 1374 3129 1

254 3142 332 3214 ¹frati
343 3144 394 3216 ng.
406 3145 438 3198 61
453 3162 525 3200 corr.
544 3152 595 3200 est.
614 3164 667 3201 om.
679 3146 711 3199 81
726 3146 788 3200 cdd.
803 3145 845 3199 84.
865 3144 916 3199 Gn.
931 3144 954 3199 1.
966 3173 1003 3183 -
1020 3143 1063 3209 tu]
1083 3148 1114 3194 tu
1128 3157 1166 3194 ue
1183 3139 1269 3195 (11.3.
1280 3167 1315 3181 -—

271 3230 368 3301 quod]
393 3231 466 3300 perid
488 3230 539 3285 Ga.
558 3234 584 3287 3.
601 3260 637 3274 -
663 3232 829 3305 pessimas]
850 3245 1008 3302 possumus
1029 3226 1080 3298 Lg.
1097 3226 1116 3279 6
1133 3242 1204 3283 corr.
1227 3227 1252 3279 4.
1274 3223 1314 3279 13.

271 3315 314 3371 61.
332 3316 450 3370 646011.
469 3316 512 3370 36.
531 3317 573 3370 36.
591 3317 633 3372 69.
649 3317 692 3372 84.
710 3346 746 3358 —
770 3324 799 3370 et
812 3312 1086 3390 praecurrentibus]
1105 3327 1143 3365 ea
1158 3329 1204 3384 pr.
1223 3309 1272 3380 lig
1289 3306 1315 3363 6.

261 3401 314 3456 ,13.
335 3401 375 3455 15.
395 3403 435 3456 1-7.
454 3402 497 3456 69.
515 3401 557 3457 61.
577 3402 619 3457 36.
637 3403 679 3458 65.
698 3403 740 3457 67.
759 3403 800 3458 79.
820 3403 862 3457 73.
880 3402 923 3457 86.
949 3398 1020 3452 Vict.
1043 3396 1095 3452 Gu.
1116 3395 1139 3453 1.
1157 3397 1183 3451 3.
1218 3393 1316 3448 Eidem

217 3540 223 3547 ,
261 3486 373 3540 ¹deinde
389 3496 499 3557 praeter
520 3487 561 3542 13.
579 3487 621 3544 69.
640 3487 682 3543 36.
703 3487 754 3542 Gu.
774 3488 811 3553 1.,
836 3487 886 3540 sed
908 3494 938 3538 ut
957 3482 1090 3538 accedant
1108 3480 1133 3535 5.
1152 3480 1177 3536 6.
1200 3479 1256 3545 lu,
1279 3494 1329 3539 es„

259 3572 511 3644 ⁴rcpupuautibus.
530 3603 566 3614 -
584 3572 766 3640 adolescens]
787 3572 865 3626 edred.
885 3569 936 3642 Lg.
949 3570 992 3624 65.
1011 3568 1053 3622 79.
1068 3567 1111 3623 73.
1128 3564 1171 3620 86.
1192 3565 1229 3619 ibi
1247 3565 1318 3618 olim

272 3674 326 3711 om.
346 3657 398 3711 Gn.
413 3658 438 3711 3.
455 3689 490 3698 -
507 3659 637 3727 idcireo]
651 3659 758 3712 divisim
776 3658 825 3730 ag.
843 3657 869 3711 6.
885 3656 928 3710 67.
947 3654 988 3708 76.
1007 3653 1049 3707 84.
1067 3652 1111 3706 93.
1147 3653 1258 3705 iccirco
1278 3648 1333 3705 15.Ι

272 3742 315 3799 69.
332 3743 374 3797 69.
395 3743 456 3798 Ald.
477 3742 545 3799 lunt.
563 3743 640 3799 Man.
656 3772 691 3786 -—
711 3751 740 3797 te
755 3746 823 3812 teti]
841 3746 897 3798 inv.
913 3739 1092 3812 [13361011.
1119 3742 1148 3791 u·
1164 3751 1219 3790 orn.
1231 3734 1318 3789 84.-

271 3828 431 3883 elmulasse
449 3830 489 3896 te]
508 3836 537 3882 te
560 3847 613 3885 om.
630 3826 681 3901 L'g.
701 3829 742 3883 15.
767 3830 857 3882 statim
876 3834 906 3882 ei
929 3824 1044 3881 011169.
1063 3823 1105 3879 64.
1125 3852 1156 3862 -
1187 3818 1318 3889 aliquid]

271 3913 312 3967 sic
329 3902 395 3966 VSt.
420 3914 517 3970 (11.3.
542 3915 592 3986 Lg.
613 3916 638 3969 6.
660 3915 700 3968 13.
726 3913 846 3968 361611.
872 3922 901 3966 ut
919 3913 944 3967 3.
964 3910 1007 3966 36.
1032 3907 1116 3978 volgo
1135 3903 1221 3959 adad
1233 3900 1316 3971 qaid

274 3998 332 4050 Sed
350 3999 423 4066 quid
439 4017 492 4053 oro.
512 3999 562 4069 Lg.
581 4001 607 4054 3.
625 4001 650 4052 4.
669 4000 694 4052 6.
716 3999 756 4051 17.
774 3997 817 4051 66.
835 3997 877 4051 76.
900 3997 951 4051 Gor.
972 3995 1007 4050 1.-
1020 4011 1047 4049 v.
1067 3987 1272 4061 explicationes.
1283 4011 1320 4026 --

278 4080 333 4149 Ti]
350 4081 404 4136 hoc
420 4102 442 4137 s.
464 4083 514 4136 lib.
534 4092 562 4135 et
580 4083 682 4137 tiberii
697 4085 724 4136 in
742 4083 809 4136 solis
822 4082 916 4152 reperi
933 4081 983 4152 Lg.
999 4079 1039 4133 15.
1054 4076 1096 4131 76.
1109 4074 1151 4126 81.
1166 4071 1209 4124 84.
1233 4068 1318 4123 Pleri-

276 4185 331 4238 que
353 4167 383 4222 Τ.
402 4177 482 4223 sueto
501 4168 663 4223 mendo-
689 4166 882 4248 coctionibus]
905 4167 945 4222 sic
963 4164 1014 4236 bg.
1033 4167 1142 4232 poster
1160 4156 1186 4212 3.
1205 4155 1230 4212 4.
1249 4155 1274 4212 5.
1292 4152 1316 4210 6.
