2968 4596
266 337 311 385 ιι
391 313 403 321 ’
644 282 944 382 russinolo.¹

266 484 599 573 circumferebantur,
648 487 851 558 sustulerant
899 483 939 555 de
979 494 1069 555 reotc
1113 481 1312 556 emendando

265 639 428 732 scriptore
453 636 634 731 incuriosi,
668 637 742 733 quia
776 634 989 731 undecunque
1024 632 1180 743 collectos
1212 633 1314 708 libros

268 801 357 861 totos
383 796 552 861 excutere
567 788 621 860 illa
646 796 754 883 acute
779 744 919 882 ingeniis
941 785 1120 879 uberrima,
1148 784 1206 857 sed
1232 785 1313 858 artis

268 903 495 1035 grammaticae
512 953 562 1012 ct
592 940 723 1012 criticae
750 939 904 1030 immuni,
940 939 973 1010 in
995 950 1135 1009 ruentem
1160 935 1315 1009 veniebat

268 1092 403 1163 nemini.
449 1087 537 1163 Haeo
560 1105 611 1163 cst
630 1091 989 1186 vulgatae-scripturae
1014 1056 1191 1184 expausis
1216 1087 1313 1161 libro·

268 1265 341 1317 rum
372 1241 547 1339 praesidiis
583 1242 745 1339 aliquanto
780 1243 926 1338 pluribus
969 1240 1113 1314 fortuitis
1147 1239 1314 1313 erroribus

224 1362 228 1373 Ἰ
267 1393 489 1489 negligentiae
506 1393 602 1493 ¹vitiis
634 1392 802 1469 doctorum
828 1392 1067 1487 suspicionibus
1093 1406 1215 1465 umere
1242 1414 1314 1463 ere·

269 1544 343 1618 ditis
369 1558 404 1616 et
425 1545 612 1640 propagatis
639 1544 795 1618 conllatae
822 1546 940 1640 origo;
977 1516 1073 1640 quam
1098 1541 1154 1615 ubi
1181 1544 1313 1638 potissi·

268 1719 355 1768 mum
387 1697 532 1791 reperias
544 1749 555 1786 ‚
592 1696 676 1793 apud
703 1696 823 1771 Aldum
850 1696 975 1769 luntam
1002 1693 1201 1790 Stephanum
1228 1692 1313 1767 Gru·
1348 1700 1352 1707 ’

268 1860 376 1920 terum
398 1846 576 1921 Ernestum
602 1872 697 1921 nemo
723 1848 866 1940 dixerit3
897 1846 982 1944 quod
1005 1870 1050 1922 ea
1075 1846 1223 1918 omnibus
1250 1847 1314 1918 illis
1400 1910 1411 1918 ,

269 1996 1314 2099 QMMQmeammwm

269 2149 374 2245 gando
403 2172 559 2244 egressus
586 2174 672 2241 sum,
699 2146 821 2224 Aldum
847 2164 882 2222 et
905 2149 1031 2222 luntatn
1057 2162 1208 2245 tauquam
1236 2148 1315 2223 deos

268 2297 1312 2394 smmfflmmmmmmmmm

269 2453 381 2547 ulique
410 2449 652 2528 commentum!
705 2450 876 2527 Editioucs
909 2451 984 2525 illae
1012 2449 1097 2523 unde
1123 2447 1316 2525 fluxerunt?

268 2599 1314 2699 omffimmwfflmwwm

269 2754 409 2847 scriptos
432 2724 775 2851 qualescunqdoprac
797 2752 992 2827 editionibus
1014 2750 1229 2854 contemnas?
1259 2750 1316 2828 Au

268 2903 424 2977 librorum
448 2904 576 2976 illorum
601 2904 780 2996 scriptores
806 2904 989 2978 editoresve
1017 2905 1118 2978 libros
1144 2907 1250 2977 secuti
1275 2926 1315 2977 eu
1397 2926 1400 2929 ‘

270 3052 1314 3149 mmmmmwwffimmmw

270 3203 1315 3300 mmwfflmdmmfflwmmmm

270 3357 354 3428 silva
376 3355 473 3430 medii
500 3358 667 3429 constituti
694 3354 803 3429 divino
829 3355 968 3454 quodam
994 3358 1149 3430 instinctu
1173 3355 1213 3429 ad
1238 3378 1317 3429 vera

249 3506 463 3581 ‘invenienda
495 3503 720 3581 ducerentur?
770 3506 912 3582 Tantum
947 3508 1066 3604 abest,
1101 3522 1140 3583 ut
1174 3508 1234 3579 boo
1270 3509 1317 3580 ita

269 3684 306 3735 se
332 3657 473 3750 habeat,
501 3673 540 3732 ut
563 3659 640 3732 Aldi
667 3671 702 3730 et
722 3659 835 3731 loutae
862 3658 1022 3733 editiones
1046 3660 1144 3756 longe
1171 3658 1315 3754 plurimis

268 3808 350 3883 loeis
376 3834 450 3883 oum
471 3811 562 3883 libris
585 3811 717 3883 novitiis
744 3824 779 3881 et
804 3812 1006 3907 interpolatis
1031 3812 1173 3906 saciant,
1202 3811 1315 3906 quales
1479 3870 1480 3901 p

195 4044 197 4049 ,
269 3974 346 4035 sunt
380 3960 446 4037 Gn.
467 3963 510 4033 l.
539 3963 578 4034 2.
619 3959 714 4035 Viot.
751 3961 819 4056 Lg.
848 3964 886 4034 3.
915 3963 953 4034 5.
984 3964 1021 4035 6.
1062 3966 1124 4036 14.
1156 3963 1218 4037 15.
1251 3960 1313 4034 tt.
1350 3970 1353 3975 “

267 4113 331 4185 20.
355 4112 418 4183 tt.
450 4110 514 4183 35.
539 4112 603 4183 84.
637 4111 703 4184 alii.
758 4110 831 4189 Nae
860 4112 972 4185 lelices
1006 4115 1162 4205 criticos,
1198 4116 1228 4187 si
1253 4137 1317 4188 suo
1394 4135 1408 4151 ·
