2938 4590
254 329 357 407 204
629 323 916 407 «emenonis

255 498 446 567 senilooos
471 496 540 584 ipse
565 514 729 584 percurro,
760 505 794 563 nt
820 494 991 582 uliquonlo
1026 494 1069 563 etl
1094 495 1155 563 illa
1179 497 1305 569 noiortt

254 618 427 686 veniamus.
478 613 565 681 Nihil
596 624 645 681 est
675 597 761 680 enirn
789 614 997 692 indicendo,
1029 611 1157 693 (lutnlo,
1189 617 1304 693 nune,

256 755 349 822 quum
378 744 412 800 nt
437 733 543 801 faveat
574 733 764 810 oratoriis,
797 733 851 818 qni
878 733 1000 810 audiet,
1031 743 1125 820 utque
1157 734 1225 820 ipse
1254 734 1304 799 sio

255 863 426 930 moveatur,
446 862 480 918 ut
500 853 616 938 impetn
633 849 769 936 quodam
784 839 881 916 omni
902 852 939 916 et'
948 850 1181 937 perturbatione
1199 852 1304 935 magis

255 992 349 1060 qnam
379 970 496 1037 iudicio
529 979 582 1035 eut
612 966 747 1037 consilio
778 977 917 1052 regetur.
969 967 1067 1034 Plura
1097 970 1180 1034 enim
1206 967 1303 1035 multo

254 1088 398 1156 honines
421 1088 561 1155 iudicant
581 1086 655 1154 odio
683 1096 736 1152 ant
757 1105 864 1153 amore
893 1095 947 1152 ant
968 1086 1135 1174 cupiditate
1162 1095 1216 1152 ant
1237 1088 1303 1152 ire-

255 1207 371 1275 euntia
401 1216 454 1273 unt
481 1205 590 1272 dolore
621 1214 675 1270 out
699 1203 822 1269 laetitio
854 1213 908 1270 ont
934 1224 989 1291 spe
1015 1211 1075 1271 'ant
1104 1207 1216 1270 umore
1250 1213 1304 1269 ant

255 1345 364 1393 errore
392 1333 445 1390 ont
472 1321 580 1408 eliqua
600 1310 793 1408 permotione
820 1323 950 1399 mentis,
974 1341 1067 1407 quum
1090 1323 1222 1389 veritate
1249 1330 1304 1388 ont

253 1443 448 1531 pressoripto
482 1450 536 1506 aut
566 1441 644 1505 inris
674 1458 787 1506 norma
813 1438 921 1533 alique
954 1449 1007 1505 ent
1031 1439 1140 1505 iudicii
1163 1438 1304 1506 lortunle

256 1570 310 1627 unt
330 1558 465 1644 legibus.
509 1557 582 1623 179.
610 1555 752 1636 Quare,
777 1558 841 1624 nisi
870 1556 1057 1643 quidnobis
1080 1556 1166 1623 alind
1187 1556 1302 1643 placet,

255 1678 298 1746 sd
324 1677 383 1744 ille
408 1695 585 1764 pergamus.
628 1674 774 1753 Paulum,
802 1676 902 1761 inquit
928 1672 1072 1753 Catulus,
1099 1676 1193 1741 etiem
1219 1693 1303 1740 nuno

255 1796 370 1863 deesse
390 1794 513 1860 videtur
537 1795 578 1859 iis
600 1792 711 1870 rebus,
738 1792 872 1870 Antoni,
899 1812 978 1879 ques
1005 1793 1191 1880 exposuisti,
1218 1792 1303 1879 quod

255 1916 297 1981 sit
317 1913 375 1980 tihi
396 1922 468 1977 ante
490 1910 722 1997 explicandum,
744 1929 837 1996 quam
858 1910 934 1977 illno
955 1910 1166 1998 proficiscare,
1188 1929 1248 1996 qno
1269 1919 1302 1975 te

256 2030 338 2097 diois
359 2028 531 2094 intendere.
564 2026 743 2107 Quidnamt
765 2029 872 2116 inquit.
906 2026 968 2107 Qui
990 2028 1067 2096 ordo
1088 2028 1145 2095 tibi
1166 2027 1302 2116 placeat,

252 2277 422 2336 properans
438 2261 509 2316 vict.
525 2261 577 2317 Gn.
589 2261 614 2316 3.
634 2261 889 2334 praeparatoriis.
906 2262 940 2330 1.,
957 2262 1136 2318 semidootos
1152 2260 1204 2333 lug.
1216 2259 1302 2327 11117..

257 2363 374 2419 quorum
393 2345 459 2401 ltonl
477 2355 540 2400 sunt
559 2347 585 2401 3.
603 2347 629 2401 l.
649 2345 684 2401 33
701 2364 771 2403 corr.
792 2347 857 2402 item
874 2347 946 2402 Vict
967 2347 1019 2404 Gn.
1038 2349 1090 2415 1.),
1111 2364 1167 2401 non
1184 2346 1301 2417 impetro

255 2421 347 2487 minen
364 2449 382 2485 e
398 2448 442 2486 me
458 2439 488 2484 nt
504 2430 574 2485 ltoee
590 2448 657 2485 mnu
674 2449 737 2486 esse
756 2432 873 2489 credam.
901 2433 976 2493 Qntu
995 2444 1036 2488 est
1053 2435 1125 2489 enlm
1142 2431 1217 2487 haee
1231 2444 1300 2504 per·

257 2535 345 2572 enarro
366 2523 400 2571 ot
424 2516 508 2589 apud
528 2516 653 2571 doctori
686 2517 797 2571 Deinde
821 2516 895 2572 laec
913 2535 1061 2591 pereunte
1080 2525 1115 2574 ut
1135 2533 1302 2592 properator

256 2612 333 2657 mern
349 2601 486 2655 balbutiet
503 2610 560 2665 est3
585 2601 673 2656 omnls
695 2603 767 2656 enim
791 2619 903 2657 currens
921 2612 1062 2675 properet.
1096 2603 1225 2672 Denique
1246 2599 1301 2672 pue

257 2687 340 2742 modo
355 2686 424 2740 hoec
441 2688 513 2739 inter
525 2703 556 2740 se
567 2687 672 2756 opponi
684 2694 814 2758 possunt:
833 2694 864 2741 et
878 2705 1044 2760 properans
1060 2695 1091 2742 et
1105 2688 1186 2760 apud
1197 2678 1312 2741 dootos'

252 2772 416 2845 percurro?
451 2771 544 2824 Sensit
562 2770 739 2837 Selnuetuius‚
765 2772 939 2843 coniecitque
964 2770 1038 2827 haee
1057 2789 1110 2844 epo
1127 2789 1303 2844 properatur

255 2856 291 2911 ut
302 2856 384 2928 apud
396 2855 517 2920 domos,-
533 2866 630 2910 eontro
641 2857 712 2910 male
721 2855 875 2910 Muellerus
893 2856 966 2910 haee
978 2865 1078 2912 autern
1092 2863 1122 2909 et
1133 2873 1303 2929 properam

257 2941 338 3014 apud
360 2941 472 2995 doetus.
508 2940 591 2994 Bene
611 2939 788 3009 Schuetzius‚
812 2942 895 2996 modo
917 2942 1070 3013 scripsisset
1089 2941 1162 2996 haec
1184 2948 1214 2996 et
1226 2958 1302 3015 pro-

250 3041 374 3097 perans.
411 3024 501 3079 Conso
518 3025 641 3079 redditur
659 3042 708 3081 cur
725 3033 855 3097 properet
872 3027 992 3097 duple13
1012 3027 1208 3098 oltero‚.quod
1228 3026 1303 3097 opud

172 3115 183 3134 ⁸
255 3109 354 3164 doctos
372 3110 399 3163 in
417 3126 448 3164 re
465 3119 533 3164 note
549 3110 650 3164 moueri
671 3110 779 3163 nonsit
796 3110 881 3180 opius,
904 3110 1005 3178 altere,
1029 3113 1103 3181 quod
1120 3113 1180 3182 ipse
1199 3112 1326 3182 quippe.

255 3194 421 3250 semidoctus
446 3194 631 3266 imperfectum
656 3196 715 3248 eius
741 3195 865 3249 notitiam
890 3193 998 3250 liabent
1024 3224 1061 3238 -
1093 3197 1148 3251 tua
1170 3196 1302 3264 maiora]

255 3282 319 3334 alta
336 3297 376 3333 m.
400 3278 452 3334 Gn.
470 3282 496 3336 3.
516 3310 548 3320 -
577 3283 630 3350 qui
649 3280 767 3348 audiet]
787 3283 839 3349 put
859 3280 966 3357 audiat
985 3280 1036 3352 Lg.
1057 3281 1097 3337 15.
1116 3283 1159 3337 65.
1177 3281 1213 3337 ou
1229 3298 1302 3336 eorr.

257 3364 299 3419 70.
320 3365 362 3419 73.
381 3364 424 3420 86.
442 3374 481 3406 -‘
508 3365 627 3434 utque]
650 3356 904 3436 6116611934.
926 3365 967 3419 13.
985 3366 1107 3422 336611.
1126 3367 1169 3423 36.
1197 3366 1249 3422 Gn.
1266 3367 1303 3433 3.,

254 3449 337 3522 bene,
354 3449 405 3503 sed
421 3459 577 3519 suspectum
595 3449 712 3504 videtur.
737 3456 772 3503 ut
787 3451 814 3504 6.
830 3479 867 3490 -
887 3450 942 3504 aot
959 3453 1074 3519 amore]
1093 3458 1183 3522 atque
1200 3468 1303 3505 antore

253 3534 306 3605 hg.
320 3535 363 3588 76.
379 3565 411 3576 -
432 3540 486 3588 aret
503 3534 615 3603 more]
633 3539 688 3588 aut
705 3540 821 3588 terrore
838 3554 865 3604 y.
880 3536 906 3591 6.
925 3534 989 3591 Solu.
1005 3537 1066 3590 slne
1078 3553 1170 3592 eones
1196 3535 1303 3591 Eodem

255 3619 396 3685 consensio,
418 3619 470 3673 secl
496 3636 591 3674 omnes
615 3619 727 3674 codices
750 3620 897 3690 occupavit
918 3618 998 3674 Brut.
1017 3619 1050 3688 3,
1071 3621 1095 3677 7.
1116 3649 1152 3664 ·-
1185 3621 1303 3690 ludicii}

254 3703 458 3775 iudicumllu.
475 3704 501 3760 3.
545 3708 550 3714 “
592 3704 603 3723 ”

342 3823 401 3880 179.
435 3824 498 3876 nist
513 3820 601 3892 quid]
619 3820 691 3893 quid
708 3839 761 3878 orn.
780 3821 830 3894 Lg.
841 3802 888 3877 36.
906 3823 947 3878 76.
965 3851 1001 3863 -
1023 3821 1117 3892 eolis]
1136 3841 1188 3880 orn.
1206 3823 1255 3895 lag.
1275 3824 1300 3879 4.

254 3906 341 3961 stolis
358 3907 401 3962 13.
418 3907 453 3962 33
470 3924 540 3961 corr.
559 3907 603 3961 36.
619 3906 652 3960 81
670 3924 741 3961 eorr.
761 3907 813 3961 Gu.
830 3909 857 3963 3.
872 3935 908 3950 ·-
931 3907 1069 3980 paulum]
1088 3909 1128 3964 sic
1145 3908 1196 3979 Lg.
1211 3905 1299 3962 Xllll.

254 3990 375 4060 bonique
393 4007 488 4044 omnes
506 3999 534 4043 et
552 3990 604 4043 Gn.
621 3989 683 4044 1.3.
699 3992 725 4044 3.
750 3990 910 4062 paululum
926 3991 977 4063 ng.
991 3993 1016 4046 5.
1033 3993 1075 4048 76.
1092 4021 1128 4034 ··-
1146 3997 1187 4046 tte
1203 3989 1304 4059 relus}

254 4071 303 4126 hir
319 4091 344 4127 r.
364 4073 416 4144 Lg.
435 4073 477 4128 34.
493 4074 536 4128 35.
555 4074 598 4128 36.
615 4074 660 4129 65.
680 4074 724 4129 67.
742 4074 785 4128 ott.
805 4074 847 4126 76.
865 4076 908 4131 73.
927 4076 969 4132 76.
988 4076 1031 4131 st.
1048 4076 1091 4132 86.
1127 4079 1155 4128 ts
1173 4074 1299 4131 336611.

254 4164 284 4210 st
297 4156 340 4212 31
357 4157 401 4214 33.
431 4161 500 4213 totle
518 4156 571 4214 Gn.
592 4157 615 4215 l.
634 4157 661 4215 3.
678 4185 713 4201 ·-
740 4160 1053 4241 eoteeeptltoattdum]
1076 4157 1201 4229 inu.Lg.
1221 4160 1300 4216 1.-
