2942 4608
262 326 360 397 aaa
643 319 918 426 ,suessanus

260 493 468 578 ignoscimus,
502 490 559 558 sed
586 500 617 561 te
644 490 804 577 diligimus
834 511 1043 580 magnamque
1064 491 1127 578 stibi
1153 494 1310 563 habemns

260 613 410 696 gratiam3
438 619 469 675 et
495 630 564 676 eum
590 608 813 676 humanitatem
837 620 869 675 et
893 610 1078 677 facilitatem
1103 615 1311 697 agnoscimus

260 739 359 806 mem,
386 737 451 794 tum
473 729 662 795 admiramur
682 731 776 794 istam
797 729 961 809 seientiam
982 739 1013 795 et
1034 731 1166 816 copiam.
1209 728 1311 817 Equi-

231 845 332 913 ‘dem
363 849 459 913 etiarn
490 846 550 912 hoc
583 866 632 933 me
664 856 842 912 assecutum
866 858 954 933 puto,
986 847 1069 933 quod
1095 867 1211 932 magno
1235 868 1309 914 sum

260 964 383 1032 levatus
409 984 516 1030 errore
544 972 575 1029 et
594 963 653 1029 illa
675 963 880 1030 admiratione
903 964 1070 1042 liberatus,
1097 964 1181 1050 quod
1201 965 1309 1031 multis

261 1102 331 1148 cum
348 1081 426 1155 ,aliis
449 1101 572 1168 semper
593 1081 743 1147 admirari
766 1081 909 1147 solebam
929 1082 1012 1148 unde
1034 1092 1119 1148 esset
1140 1082 1200 1148 illa
1219 1093 1310 1149 tanta

260 1210 315 1265 tua
335 1201 369 1264 in
390 1201 497 1266 causis
520 1199 677 1266 divinitas.
720 1195 790 1289 Nee
812 1173 896 1266 enim
916 1209 947 1265 te
969 1201 1032 1266 ista
1054 1201 1197 1284 attigisse
1220 1201 1308 1267 ariri-

259 1310 382 1395 trahar,
414 1337 495 1403 quae
528 1294 767 1401 diligentissime
796 1301 952 1401 cognosse
984 1327 1014 1383 et
1043 1317 1177 1403 undique
1206 1318 1308 1385 colle-

259 1437 348 1519 gisse
364 1455 483 1521 usuque
506 1435 628 1501 doctum
644 1436 756 1520 partim
779 1437 955 1500 comexisse
972 1434 1066 1501 video
1086 1437 1200 1521 partim
1221 1455 1308 1502 eom-

259 1553 424 1638 probasse.
477 1553 550 1618 363.
581 1549 690 1638 Neque
717 1572 756 1618 eo
788 1554 890 1619 minus
920 1551 1131 1637 eloquentiam
1158 1563 1242 1618 tuam
1274 1564 1307 1620 et

144 1686 146 1693 ‘
260 1671 356 1737 multo
387 1673 489 1756 magis
520 1675 663 1737 virtutem
695 1680 726 1735 et
757 1670 953 1754 diligentiam
986 1670 1124 1736 admirer
1155 1681 1187 1736 et
1213 1669 1306 1736 simul

196 1823 200 1830 ·
259 1789 385 1874 gaudeo
418 1789 566 1855 iudicium
598 1789 695 1853 animi
726 1789 788 1853 mei
819 1786 1037 1873 comprobari,
1069 1787 1152 1873 quod
1183 1796 1320 1875 semper

261 1909 355 1972 statui
386 1908 541 1972 neminem
575 1907 751 1991 sapientiae
783 1905 909 1970 laudem
943 1915 974 1970 et
1005 1904 1203 1992 eloquentiae
1236 1909 1305 1973 sine

261 2043 380 2089 summo
404 2024 506 2103 studiq
528 2033 558 2089 et
578 2022 689 2088 lubere
711 2032 741 2088 et
762 2022 906 2088 doctrina
928 2024 1078 2108 consequi
1098 2040 1204 2109 posse.
1240 2022 1307 2090 Sed

260 2150 367 2206 tamen
392 2140 538 2226 quidnam
565 2150 614 2205 est
640 2139 686 2217 id,
715 2140 797 2226 quod
823 2140 944 2217 dixisti,
971 2140 1055 2218 sore,
1082 2150 1114 2206 ut
1136 2141 1194 2207 tihi
1215 2143 1306 2226 igno-

260 2274 435 2336 sceremus,
467 2260 496 2324 si
524 2277 749 2342 regnassemus
778 2278 858 2344 quae
877 2242 915 2325 ¹te
943 2277 1042 2324 causa
1072 2259 1105 2323 in
1131 2279 1305 2326 sermonem

262 2476 302 2530 rc.
316 2476 356 2531 rr.
376 2476 418 2530 no.
432 2474 474 2530 un.
490 2475 533 2530 nr.
551 2477 585 2530 an
598 2494 670 2531 corr.
686 2476 728 2531 35.
743 2476 786 2531 ao.
805 2477 848 2531 es.
862 2476 906 2537 ors
925 2476 965 2531 ro.
983 2474 1024 2530 73.
1042 2475 1085 2530 ao.
1102 2464 1145 2531 es.
1164 2476 1217 2531 ao.
1233 2476 1254 2531 1.
1267 2477 1304 2543 a,
1454 2492 1455 2503 ¹

261 2561 336 2630 quod
351 2560 495 2631 probabile
513 2561 663 2627 videretur,
682 2562 732 2614 nisi
746 2563 821 2632 prius
841 2561 1004 2615 vocabulum
1021 2561 1048 2613 in
1064 2579 1096 2614 rc
1113 2561 1260 2616 desineret.
1271 2590 1306 2602 -
1454 2576 1455 2585 ¹

261 2644 466 2716 aqrtoset'mus]
483 2645 692 2717 adquiescimus
708 2645 758 2717 Lg.
781 2645 819 2700 13.
847 2646 1039 2699 adsuescimus
1056 2645 1098 2700 36.
1116 2674 1151 2684 -
1169 2647 1306 2716 equidem

260 2730 367 2801 cliuus]
386 2734 478 2784 etiam
501 2749 554 2785 om.
573 2730 623 2801 Lg.
640 2731 664 2785 3.
684 2732 709 2785 6.
732 2731 772 2785 ll.
793 2730 832 2785 15.
853 2730 888 2785 36
905 2731 968 2786 add.
989 2731 1031 2785 63.
1056 2730 1128 2784 Vict.
1152 2737 1192 2784 oet
1207 2732 1252 2785 69.
1269 2760 1306 2771 -

261 2814 444 2885 assecutum]
474 2816 647 2869 adsecutum
677 2814 728 2886 ng.
755 2814 795 2869 13.
824 2815 868 2869 32.
894 2816 937 2870 sl.
973 2822 1162 2885 assequentium
1188 2816 1229 2868 17.
1260 2817 1304 2872 da.

259 2900 292 2953 61
308 2918 378 2955 corr.
393 2900 436 2955 63.
464 2900 660 2970 adaequatum
675 2900 716 2954 76.
731 2900 772 2954 73.
792 2901 880 2954 eidem
898 2910 961 2971 post
974 2900 1142 2971 emicuisse,
1158 2899 1306 2971 adlteruae

260 2992 351 3039 autem
367 2986 410 3042 iii.
426 2986 467 3041 70.
504 2984 700 3057 comprobasse
716 2985 742 3039 2.
764 2986 810 3053 qui
828 2994 856 3039 et
874 2986 900 3052 §.
917 2986 976 3040 363.
997 2984 1184 3057 comprobari.

346 3112 406 3167 363.
443 3110 476 3165 td
501 3111 580 3181 quod
600 3096 784 3181 {diuisiiJ's'd
808 3129 859 3164 om.
883 3110 934 3165 Gn.
955 3111 978 3167 l.
1014 3110 1103 3164 Paulo
1122 3119 1185 3163 ante
1206 3116 1305 3163 lamen

261 3213 314 3252 oin.
340 3196 392 3251 Gu.
412 3197 437 3251 3.
463 3227 498 3235 -·-
531 3195 752 3267 coquosscmus]
775 3212 1014 3265 cognosceremus
1039 3194 1089 3269 Lg.
1113 3196 1138 3250 2.
1165 3196 1189 3249 3.
1212 3195 1238 3249 6.
1260 3194 1303 3249 69.

260 3280 302 3335 76.
320 3282 363 3335 61.
401 3298 607 3352 coquosccmus
625 3283 649 3337 4.
671 3281 711 3335 15.
732 3282 770 3336 17.
794 3281 829 3337 24
847 3298 917 3335 corr.
942 3280 976 3333 32
993 3297 1063 3335 corr.
1085 3289 1114 3334 ut
1130 3279 1155 3333 2.
1180 3273 1214 3333 66
1232 3297 1303 3335 corr.

260 3365 301 3419 76.
320 3366 363 3419 sd.
382 3365 424 3421 93.
444 3366 495 3421 Gn.
513 3366 538 3419 3.
567 3371 595 3420 si
612 3384 820 3438 coquossemus
839 3383 890 3419 om.
911 3364 962 3420 Gn.
980 3365 1002 3419 l.
1020 3393 1055 3404 -
1079 3371 1108 3417 le
1126 3363 1231 3434 causa]
1248 3367 1302 3418 inv.
1345 3419 1348 3423 ,

258 3447 310 3519 Lg.
328 3449 367 3503 15.
380 3478 417 3491 —
436 3468 511 3520 quac
526 3459 570 3505 esi
585 3451 677 3522 euim]
696 3457 776 3505 caim
793 3468 845 3505 our.
862 3449 913 3521 Lg.
927 3450 952 3504 7.
967 3451 992 3505 d.
1005 3479 1040 3491 -
1059 3441 1316 3519 adolescentiores

259 3533 388 3588 adulesc.
409 3533 459 3606 Lg.
478 3537 520 3591 65.
540 3538 582 3591 76.
601 3537 756 3591 73.81.-
777 3534 989 3605 atteritissimc]
1009 3533 1121 3589 edicat.
1140 3534 1191 3606 Lg.
1207 3534 1248 3589 76.
1262 3534 1303 3589 73.

345 3660 404 3716 364.
440 3662 554 3733 itaquid]
583 3664 692 3718 additur
721 3681 781 3719 var.
806 3667 930 3732 iuquam
957 3660 984 3714 in
1005 3659 1057 3731 Lg.
1076 3659 1118 3715 32.
1134 3687 1171 3701 —-
1196 3657 1304 3733 paulo]

259 3746 340 3801 codd.
359 3764 455 3801 omnes
472 3756 583 3818 praeter
600 3748 650 3819 Lg.
664 3749 690 3803 5.
721 3748 838 3803 Additur
855 3754 925 3801 aute
944 3747 972 3799 in
988 3745 1013 3800 3.
1034 3745 1059 3800 6.
1081 3745 1122 3800 13.
1140 3745 1182 3799 32.
1201 3744 1302 3798 3661.

258 3831 330 3887 vict
347 3863 384 3872 —
404 3832 541 3902 tunitius]
558 3836 662 3887 mitius
678 3833 728 3904 Lg.
747 3835 764 3885 d
781 3851 808 3888 v.
828 3850 854 3887 u.
873 3839 891 3887 t.
919 3834 1029 3886 inuitus
1046 3829 1097 3900 Lg.
1117 3830 1143 3882 5.
1159 3829 1184 3883 6.
1204 3829 1245 3883 ll.
1261 3829 1303 3882 ul.

258 3916 301 3971 66.
319 3945 354 3959 —-
372 3917 532 3988 sermonis]
551 3922 697 3972 orationis
715 3917 764 3988 Lg.
778 3918 804 3973 6.
822 3948 858 3958 -
877 3913 1029 3984 accedere]
1048 3914 1194 3968 adsedere
1210 3912 1261 3984 Lg.
1277 3913 1301 3968 5.

258 4001 300 4057 67.
320 4002 362 4056 76.
381 4002 423 4056 73.
443 4030 479 4042 -
509 4003 695 4054 consularem
718 4019 750 4055 se
773 4000 849 4071 csse]
875 4019 939 4054 esse
962 4017 1015 4054 om.
1040 3998 1165 4071 113.ΧΧ
1184 3998 1304 4068 bonique

259 4085 382 4153 plurimi,
400 4093 511 4155 praeter
527 4084 552 4138 2.
573 4084 630 4149 la,
647 4085 712 4138 item
729 4085 780 4139 (ln.
799 4087 824 4140 3.
842 4114 877 4126 -
903 4083 1023 4154 afferet]
1035 4084 1133 4153 affert
1148 4082 1199 4154 Ing.
1218 4083 1244 4136 3.
1261 4082 1301 4135 76

261 4166 313 4222 Gu.
332 4167 358 4222 3.
394 4166 531 4236 adferret
554 4168 580 4223 5.
600 4169 643 4224 70.
666 4170 707 4226 73.
745 4168 869 4239 afferret
889 4170 930 4225 16.
951 4169 992 4224 17.
1017 4167 1068 4225 24..
1085 4168 1127 4226 32.
1147 4167 1191 4223 66.
1210 4165 1253 4222 66.
1270 4195 1303 4205 -
