2942 4608
234 271 356 399 Jsrs
657 301 915 403 ciceronis

145 485 149 490 ’
265 489 379 555 nortis
404 486 540 581 iudicum
568 506 662 574 quarn
688 491 821 555 marine
847 484 1075 576 pennovendas
1101 496 1134 554 et
1161 487 1203 555 ad
1230 488 1315 556 utili-

264 616 524 675 tuteurnostraar
549 606 712 673 vocandus
743 605 936 674 conferenda
967 614 1048 671 sunt.
1099 606 1174 672 333.
1206 604 1315 693 Neque

231 772 238 785 .
266 744 345 792 sane
371 726 435 790 iarn
463 743 564 790 causa
585 725 710 791 videtur
734 743 808 791 esse
841 743 898 789 cur
923 742 1126 790 secernamus
1152 742 1195 790 ea
1221 744 1315 812 prae-

266 852 372 930 cepto,
393 860 475 929 quae
497 842 535 907 de
557 841 761 908 suasionibus
781 840 936 907 tradenda
956 850 1027 907 sunt
1049 852 1102 907 aut
1121 840 1314 911 laudationi-

188 998 192 1011 ·
264 959 334 1026 bns.
378 957 459 1025 Sunt
479 964 562 1024 enirn
582 958 733 1045 pleraque
755 961 949 1037 communior
971 959 1030 1025 sed
1049 969 1155 1024 tamen
1177 960 1323 1050 suadere
1394 968 1401 975 '

266 1076 386 1163 aliquid
417 1086 470 1142 aut
500 1076 688 1142 dissuadere
712 1077 922 1161 grauissimae
954 1072 1030 1141 milri
1055 1092 1129 1143 osse
1155 1097 1313 1164 personae

141 1212 145 1219 ·
263 1194 396 1262 uidetur.
438 1192 519 1261 Nam
545 1204 577 1261 et
598 1195 750 1281 sapientis
771 1202 821 1259 est
847 1174 1014 1260 consilium
1041 1193 1200 1281 explicare
1224 1214 1312 1261 suurn

266 1313 466 1379 denaximis
480 1311 576 1377 rebus
597 1321 629 1377 et
644 1310 769 1378 honesti
790 1321 821 1377 et
837 1310 957 1389 diserti,
977 1320 1011 1377 ut
1025 1322 1127 1377 rnente
1145 1313 1313 1398 providere

267 1433 452 1497 auoontote
473 1428 609 1515 probare
631 1430 806 1495 orationem
827 1428 1019 1514 persuadere
1039 1431 1156 1515 possis.

349 1544 515 1612 LXXXII.
564 1545 667 1632 Atque
700 1545 781 1612 haec
812 1548 847 1612 in
872 1555 984 1611 senatu
1015 1547 1134 1613 minue
1161 1554 1314 1633 apparatu

265 1665 392 1751 agenda
412 1674 499 1744 sunu
526 1665 654 1751 sapiens
681 1664 765 1730 enirn
786 1672 834 1729 est
861 1662 1027 1729 consilium
1048 1663 1214 1750 multisque
1237 1647 1312 1730 aliis

264 1782 390 1849 dcendi
410 1781 635 1867 relinquendus
658 1780 759 1848 locus.
801 1779 939 1846 Vitanda
959 1782 1054 1846 etiarn
1075 1782 1182 1866 ingeni
1204 1788 1311 1847 osten-

262 1901 392 1967 tationis
413 1901 563 1985 suspicio.
594 1896 669 1965 334.
691 1897 803 1966 (lontio
825 1899 909 1985 capit
927 1917 1052 1965 ornnem
1072 1901 1135 1967 vim
1157 1900 1313 1967 orationis
1371 1994 1386 2013 ·

144 2165 150 2176 ,
265 2114 307 2169 73.
325 2115 368 2170 73.
386 2114 427 2170 76.
446 2113 488 2169 84.
507 2114 550 2170 86.
565 2145 595 2156 -
622 2112 665 2169 ud
680 2116 789 2168 neentis
803 2144 832 2155 -
849 2117 994 2184 maxime]
1013 2133 1066 2173 om.
1086 2086 1224 2188 haeclg.
1241 2105 1268 2171 3.
1283 2118 1313 2170 4.

267 2199 307 2254 13.
331 2200 366 2254 33
383 2198 463 2253 codd.
484 2198 527 2253 36.
552 2198 604 2253 Gu.
622 2199 648 2254 3.
665 2228 702 2239 -
725 2217 817 2267 quum
832 2202 978 2269 maxime]
1000 2199 1040 2272 ὑφ
1057 2201 1089 2255 ἓν
1113 2201 1163 2272 hg.
1184 2202 1225 2255 76.
1245 2201 1308 2255 edd.

264 2284 326 2339 Ald.
345 2283 415 2336 Vict.
434 2281 503 2338 lunt.
521 2280 598 2340 Mon.
617 2313 653 2323 —
676 2282 856 2354 conferenda
873 2285 959 2353 sunt]
979 2285 1200 2355 confirmandas
1217 2285 1267 2357 Lg.
1283 2285 1310 2340 3.

264 2366 462 2439 conferendus
481 2367 522 2423 13.
542 2367 585 2423 36.
609 2367 661 2424 Gur.
678 2369 705 2425 3.
1308 2421 1311 2426 .

234 2478 240 2484 ·
349 2452 409 2508 333.
446 2452 606 2520 tradendo]
625 2453 787 2508 tractanda
804 2453 854 2527 bg.
872 2454 915 2510 69.
931 2483 967 2496 ·-
990 2453 1227 2522 laudationibus]
1245 2454 1311 2508 Iau-

264 2537 368 2603 daudu
387 2537 441 2594 Gn.
461 2537 499 2602 1.;
524 2538 589 2591 itern
612 2556 676 2592 mox
700 2539 818 2609 aliquid
840 2545 895 2593 aut
917 2538 1091 2593 dissuadere
1111 2555 1163 2593 orn.
1180 2566 1217 2580 ·-
1245 2556 1312 2593 esso

171 2678 174 2685 Δ
259 2638 410 2696 percum
426 2621 554 2690 uidetur]
574 2623 614 2677 sic
630 2623 730 2678 inverti
747 2625 822 2693 quod
839 2624 924 2695 vulgo
941 2623 1094 2694 legebatur,
1104 2622 1229 2677 ⁴uidetur·
1245 2640 1311 2676 esse

258 2723 431 2780 personae,
462 2705 611 2760 secundum
637 2705 687 2779 [ις.
714 2715 827 2778 prester
850 2709 894 2763 81.
916 2708 959 2763 84.
984 2724 1080 2761 omues
1105 2715 1133 2761 et
1158 2706 1210 2763 Gu.
1237 2707 1260 2762 1.
1283 2707 1310 2762 3.

261 2791 371 2846 vitiose
388 2798 535 2861 praetereo
550 2792 687 2863 uideatur
704 2790 795 2863 1152.
812 2793 854 2849 13.
871 2793 915 2849 93.
934 2793 987 2849 Gu.
1005 2792 1028 2848 1.
1042 2792 1067 2847 3.
1085 2822 1120 2832 -
1145 2793 1242 2859 mum]
1260 2796 1310 2846 sui

262 2879 360 2930 animi
375 2875 428 2930 Gu.
443 2873 470 2926 3.
485 2905 520 2914 -
535 2878 650 2947 possis]
668 2877 765 2949 scripsi
782 2896 817 2932 ex
835 2877 885 2950 ng.
900 2878 926 2933 3.
944 2880 970 2934 4.
988 2878 1029 2933 13.
1047 2876 1090 2932 36.
1109 2866 1162 2932 Gn.
1177 2875 1202 2933 3.
1213 2876 1314 2947 ‘vulgo

258 2964 373 3033 possit,
391 2976 443 3012 nec
462 2959 548 3013 miuus
565 2961 592 3014 id
610 2960 727 3026 bonum3
744 2962 799 3016 -sed
816 2962 878 3017 libri
895 2962 962 3017 boni
978 2962 1121 3031 sequendi.

330 3042 487 3107 cxxiiii.
517 3047 677 3117 apparatu]
695 3046 847 3118 adparatu
864 3045 914 3117 Lg.
927 3047 971 3102 76.
984 3047 1026 3100 73.
1044 3077 1075 3087 -
1093 3049 1212 3118 sapiens
1229 3049 1309 3100 enim

219 3184 226 3189 ,
261 3128 324 3196 est]
347 3127 413 3182 Sclr.
429 3127 528 3183 Maeli.
548 3126 597 3184 0r.
615 3129 700 3186 fleur.
737 3134 858 3205 sapiens
879 3137 925 3184 est
942 3136 1042 3195 enims
1065 3148 1093 3186 v.
1111 3131 1312 3201 explicationes

262 3213 308 3270 111.
323 3212 367 3280 36,
382 3213 440 3268 113.
455 3240 492 3252 -
507 3213 729 3284 relinquendus]
748 3235 785 3270 uc
800 3214 1183 3286 loquendihg.2.d.13.3d.
1203 3232 1310 3285 pannus

262 3298 398 3370 particula
415 3304 444 3351 et
465 3297 561 3368 inepte
578 3308 693 3355 ossutus.
711 3292 746 3356 ¹v.
764 3302 800 3354 ad
816 3298 849 3355 11.
869 3299 918 3365 33,
938 3300 995 3355 144.
1031 3299 1237 3370 relinquendus
1255 3316 1309 3352 oni.

260 3383 314 3437 Gur.
333 3381 359 3439 3.
375 3411 412 3422 -
440 3384 555 3454 inponi]
579 3384 675 3454 scripsi
700 3403 735 3439 ex
756 3379 808 3457 Lg.
828 3387 853 3442 4.
872 3384 914 3438 16.
930 3383 972 3438 33.
1009 3387 1137 3455 inpertits
1155 3383 1181 3439 3.
1203 3383 1243 3439 13.
1263 3382 1307 3438 36.

192 3526 204 3537 ,
260 3466 351 3521 (16.3.
364 3495 400 3509 —-
419 3471 639 3537 ostentationis]
657 3469 707 3541 Lg.
725 3470 851 3541 plerique
868 3477 896 3523 et
913 3468 965 3522 Gu.
979 3468 1004 3522 3.
1031 3471 1308 3537 ostentationisquo,
1355 3474 1358 3479 “

259 3552 362 3622 inepte.
403 3550 488 3608 Quod
509 3552 610 3607 dudum
633 3572 781 3609 correxere
804 3554 882 3608 Mau}
906 3551 1001 3606 Lamb.
1025 3553 1061 3607 al.
1089 3568 1162 3606 nuuc
1184 3550 1309 3605 diruuntur

258 3636 344 3708 ¹¹8³·
360 3635 406 3705 qui
421 3642 661 3705 ostentuottonts,
668 3642 704 3708 4.,
722 3639 768 3710 qui
781 3635 1055 3702 sustentationibus,
1063 3635 1115 3703 13.,
1133 3636 1179 3707 qui
1192 3639 1308 3690 oratio-

259 3725 307 3775 uis
324 3719 446 3775 exhibet.

344 3804 403 3861 334.
439 3805 549 3873 contio]
567 3805 643 3859 solus
662 3806 707 3861 hic
724 3807 752 3861 id
769 3807 820 3879 ng.
840 3806 880 3862 15.
896 3835 933 3846 -
957 3808 1010 3876 qut
1025 3805 1191 3860 utilitatem
1204 3804 1310 3877 putat}

255 3893 335 3963 petit
351 3889 401 3961 lug.
420 3889 444 3944 3.
462 3888 479 3941 3
497 3906 568 3944 corr.
586 3892 611 3945 4.
632 3890 672 3946 13.
694 3892 725 3944 17
742 3909 769 3945 v.
789 3908 815 3946 u.
834 3900 852 3947 t.
872 3891 916 3945 36.
935 3890 970 3945 33
987 3908 1059 3947 corr.
1078 3890 1120 3944 35.
1139 3890 1181 3946 36.
1200 3890 1243 3945 65.
1262 3887 1306 3943 69.

257 3974 300 4030 81.
318 3974 361 4030 84.
382 3974 434 4028 Gru
451 3973 476 4028 3.
489 3974 519 4030 ,3.
540 3975 579 4027 ito
596 3991 667 4031 corr.
684 3973 726 4028 63.
745 4003 781 4015 -
808 3977 926 4043 suasor]
940 3991 1107 4047 persuasor
1123 3973 1173 4045 Lg.
1190 3972 1215 4029 6.
1238 3973 1308 4026 idem

257 4066 285 4112 et
297 4057 339 4112 67.
359 4057 509 4111 interdum
522 4057 656 4113 omittunt„
670 4086 707 4098 -
724 4064 789 4111 tum
807 4058 903 4126 clara]
919 4065 984 4112 tarn
1000 4076 1053 4113 orn.
1065 4057 1116 4130 Lg.
1128 4059 1154 4113 3.
1169 4061 1194 4113 d.
1210 4058 1251 4112 13.
1262 4057 1306 4112 36.

258 4141 310 4196 Gu.
329 4138 355 4194 3.
392 4139 435 4195 lta
455 4149 633 4211 praeceptum
656 4159 674 4196 s
689 4141 806 4196 Romoui
831 4144 952 4197 oretoris
969 4143 1053 4197 rebus
1076 4144 1112 4197 sd
1132 4158 1217 4215 genus
1234 4157 1309 4195 eorn-
