2958 4584
409 291 468 357 DE
495 287 722 370 untione
748 287 983 356 tinnient.
1128 289 1216 360 ΙΙΙ

113 550 120 567 ·
177 479 256 527 neus
276 461 407 538 videtu,
433 461 466 524 in
492 478 554 545 quo
579 457 716 544 poeticus
741 456 821 522 hacc
847 457 932 542 ipsa,
958 452 1013 520 ubl
1036 472 1121 520 nunc
1147 472 1215 520 ams

99 565 102 572 ’
123 614 130 619 -
179 577 332 655 balanus,
353 564 383 642 et
397 573 566 662 palaestra
580 583 611 639 et
630 584 675 639 tot
695 573 777 639 locis
798 575 959 638 sessiones
980 573 1215 654 gymnasiorum

181 703 213 758 et
244 692 432 758 Graecarum
464 691 704 776 disputationum
739 690 921 755 memoriam
955 686 1091 772 quodam
1121 685 1214 753 modo

182 814 389 875 commoventi
419 818 472 873 aut
499 810 702 892 importunum
722 814 840 890 tempus
867 806 901 868 in
920 812 1006 868 tauto
1028 805 1106 879 otio,
1133 801 1215 887 quod
1314 814 1319 824 '

180 934 209 990 et
230 941 305 990 raro
333 924 424 990 datur
455 930 486 989 et
510 942 592 987 nunc
619 931 780 1008 peroptato
811 919 903 986 nobis
930 918 1034 984 datum
1060 923 1132 984 esti
1163 927 1218 984 aaut

175 1039 316 1109 homines
345 1040 384 1105 ab
411 1037 472 1105 hoc
498 1045 615 1122 genere
643 1037 860 1123 disputationis
887 1035 1000 1112 alicui,
1029 1036 1082 1120 qui
1106 1031 1217 1100 omncs

174 1159 197 1220 ii
220 1177 337 1234 sumus,
358 1165 392 1220 ut
412 1156 482 1221 sine
502 1153 552 1220 his
574 1153 685 1218 studiis
701 1156 797 1219 uitam
817 1152 937 1218 nullam
958 1170 1031 1217 esse
1048 1150 1216 1216 ducamusi

173 1273 226 1338 21.
251 1270 365 1337 Omnia
385 1273 457 1349 ista,
470 1272 577 1356 >inquit
590 1268 735 1347 Crassus,
758 1288 818 1353 ego
834 1269 901 1336 alio
914 1268 1008 1334 modo
1022 1269 1217 1354 interpretor,

173 1391 229 1474 qui
249 1390 380 1474 primum
401 1387 592 1472 palaestram
618 1396 650 1451 et
670 1385 764 1450 sedes
791 1395 822 1450 et
841 1386 979 1469 porticus
1005 1385 1099 1449 etiam
1119 1385 1218 1468 ipson*

56 1512 61 1529 '
173 1503 298 1580 Catule,
322 1502 463 1568 Graecos
478 1501 711 1566 exercitationis
727 1503 770 1578 [et
783 1498 1012 1576 delectationis]
1028 1518 1128 1564 causa
1143 1502 1217 1579 [non

174 1620 410 1706 disputationis]
438 1617 598 1682 invenisse
626 1614 770 1680 arbitror.
811 1610 893 1677 Nam
918 1623 949 1679 et
974 1613 1092 1681 seculis
1114 1613 1220 1682 manu

157 1866 251 1920 'sess
275 1867 303 1918 iu
325 1863 350 1919 3.
372 1866 414 1920 81.
452 1863 511 1918 loci
532 1863 572 1919 lt.
594 1861 635 1918 lu
651 1860 693 1920 33.
712 1861 754 1922 67.
773 1861 815 1921 tt.
834 1864 878 1921 33.
914 1870 944 1918 et
966 1869 1030 1918 ente
1052 1862 1219 1918 Graecarum

176 1967 232 2004 om.
250 1948 301 2019 ng.
320 1947 362 2003 69.
385 1948 436 2001 sed
457 1947 519 2002 odd.
543 1964 577 2002 m.
600 1965 655 2004 sec.
677 1948 737 2002 >Ne
755 1939 935 2004 Lamlrlniana
959 1947 1067 2016 quidem
1086 1947 1220 2017 scripturn
1259 2003 1264 2007 ,

175 2031 376 2103 improbabilis3
393 2029 591 2101 significantius
604 2040 695 2085 tamen
710 2029 841 2086 Graecae
852 2032 1068 2107 disputationes
1084 2031 1220 2099 dicuutur,

177 2132 259 2186 qoem
280 2114 394 2169 Graeca
413 2118 590 2185 pymnnsia5
611 2113 681 2169 laec
706 2116 778 2168 euim
795 2118 883 2185 gentis
900 2115 1064 2188 peregrinae
1083 2132 1145 2169 esse
1165 2117 1219 2169 lam

132 2237 137 2241 >
177 2214 278 2252 nomen
296 2198 441 2252 indicabat.
457 2227 493 2239 —
510 2197 706 2267 commouent]
723 2207 874 2254 conmooet
886 2199 936 2271 Lg.
949 2200 975 2254 3.
1000 2203 1177 2254 commoveri
1191 2200 1219 2254 3.

178 2281 487 2336 commonentium.
518 2269 688 2334 conmouent
704 2281 746 2337 33.
763 2282 805 2337 69.
837 2285 1017 2338 conmouerit
1032 2284 1076 2337 36.
1097 2309 1135 2324 ·-
1163 2285 1220 2335 im·

176 2364 351 2436 pantanum]
377 2363 483 2417 restitui
506 2364 620 2434 probam
645 2364 832 2434 plurimorum
847 2374 875 2419 et
901 2367 1064 2435 optimorum
1088 2363 1221 2418 librorum

179 2448 357 2517 scripturam,
376 2447 411 2499 de
429 2447 504 2511 cuius
520 2448 655 2501 sententia
672 2465 698 2502 v.
715 2450 921 2519 explicationes.
948 2452 1178 2519 inopportunum
1196 2462 1219 2508 s.

180 2535 394 2602 inoportunum
412 2537 439 2583 et
454 2532 485 2581 in
496 2536 673 2600 oportunum
689 2530 784 2586 Mead.
802 2530 883 2585 Nori.
897 2537 922 2596 pl.
936 2549 963 2598 γ.
974 2531 1001 2583 d·
1014 2547 1035 2584 ε.
1053 2529 1143 2585 Havu.
1158 2531 1181 2585 1.
1193 2529 1222 2586 3.

180 2614 231 2684 Lg.
245 2614 270 2668 3.
289 2614 314 2668 6.
336 2613 376 2668 15.
396 2612 435 2667 lli.
456 2612 495 2666 17.
513 2611 554 2666 31.
572 2613 614 2668 31.
631 2615 674 2669 35.
692 2614 735 2668 65.
754 2615 795 2668 70.
813 2613 855 2668 76.
874 2613 916 2668 86.
935 2612 1059 2666 ita‘corr.
1078 2612 1136 2677 81.;
1155 2614 1230 2667 item·

179 2695 274 2751 hamb.
293 2698 321 2749 iu
337 2714 389 2767 mg.
408 2697 450 2750 ed.
467 2713 524 2765 rep.
544 2695 645 2751 Pearc.
663 2696 726 2752 Sch.
746 2695 796 2752 Or.
813 2697 896 2752 Henr.
933 2711 1003 2749 num
1020 2700 1221 2769 importunum
1256 2757 1265 2772 .

88 2841 92 2849 .
179 2779 524 2852 (P·⁰²⁴l1mp·)*ssrl·l.
549 2780 628 2848 prob.
647 2779 714 2836 Era.
750 2796 827 2835 nunc
849 2785 966 2852 impuri.
987 2779 1049 2833 Vct.
1070 2779 1166 2850 Steplc
1183 2808 1220 2821 -

178 2866 204 2916 ii
219 2862 390 2933 cumus1sic
408 2863 498 2928 (16.1.
514 2863 579 2918 33.
600 2862 650 2933 Lg.
662 2863 705 2919 31.
724 2865 767 2919 35.
787 2865 829 2919 36.
846 2866 888 2919 76.
907 2864 984 2918 Mau.
1002 2862 1098 2917 anb.
1127 2862 1220 2919 Ceteri

178 2945 212 2998 lct
233 2955 280 2999 aut
297 2945 349 3001 itt.
366 2944 409 2988 ’--
437 2951 531 3001 citam
552 2946 680 3016 nnllam]
706 2948 819 3001 nullam
838 2955 901 3020 tum
924 2947 976 3003 Gu.
994 2946 1020 3001 3.
1054 2945 1105 3001 lllo
1127 2949 1219 3018 positu

176 3027 229 3098 lag.
247 3046 341 3083 omnes
359 3039 469 3099 praeter
484 3030 510 3085 3.
524 3029 566 3084 81.
594 3030 689 3083 ullam
706 3032 747 3086 33.
761 3071 763 3074 <
776 3032 831 3085 Alii
846 3033 992 3087 invertunt.
1009 3057 1043 3073 -
1061 3031 1218 3102 ducamus]
1254 3096 1259 3105 Ι

179 3112 316 3193 dicamus
335 3111 386 3183 Lg.
408 3112 439 3165 15
457 3128 528 3166 corr.
549 3113 590 3167 16.
608 3113 650 3168 31.
669 3114 703 3169 33
720 3131 791 3170 corr.
811 3115 845 3170 67
876 3142 886 3147 -
937 3159 940 3163 .

264 3227 307 3282 31.
342 3245 396 3299 epo
416 3227 490 3298 alio]
510 3230 565 3282 luv.
585 3227 635 3282 Gn.
656 3228 732 3284 1.-
754 3230 858 3300 etiam]
877 3245 929 3284 om.
947 3227 998 3300 ng.
1016 3230 1110 3284 uado.
1129 3259 1165 3271 -·
1190 3235 1221 3283 et

178 3310 399 3381 delectationis]
423 3329 475 3365 om.
497 3309 547 3382 Lg.
572 3310 596 3365 3.
618 3312 643 3366 t.
666 3311 706 3366 13.
725 3312 767 3367 33.
786 3314 828 3369 36.
851 3313 945 3365 nescio
967 3329 1003 3365 an
1027 3321 1110 3367 recte.
1146 3311 1219 3368 Nam

177 3386 292 3447 iuventa
311 3403 352 3447 est
374 3412 419 3448 ars
438 3395 607 3465 gymnastico
629 3395 715 3448 solius
735 3396 859 3466 corporis
878 3396 1047 3448 exercitandi
1064 3413 1161 3462 causa,
1185 3396 1221 3450 ad

179 3482 260 3544 quam
277 3493 335 3529 rem
353 3487 416 3548 post
431 3478 546 3531 accessit
563 3478 674 3532 fortuita
688 3479 844 3534 delectatio.
882 3478 965 3537 Quod
982 3479 1082 3533 deinde
1098 3482 1221 3549 sequitur

178 3573 196 3610 a
218 3558 349 3626 Graecis,
375 3562 421 3630 qui
446 3569 502 3614 tum
527 3571 634 3626 essent,
656 3563 813 3617 levissimae
835 3562 1010 3616 delectationi
1035 3564 1220 3632 gravissimam

177 3642 322 3695 utilitatem
345 3642 518 3713 posthaberi,
543 3660 603 3697 cum
628 3644 681 3698 lroc
704 3656 827 3717 tempore
853 3660 963 3711 verum,
989 3647 1102 3716 antiquo
1122 3638 1219 3700 falsum

177 3734 266 3790 esset,
286 3742 396 3780 causam
412 3727 460 3780 illa
478 3727 564 3782 cerba
580 3728 740 3782 inferciendi
757 3731 868 3783 videtur
885 3728 1052 3798 praebuisse.
1070 3759 1106 3771 —
1125 3746 1217 3783 causa
1256 3793 1258 3795 ¹

177 3823 231 3861 om.
248 3806 300 3878 ng.
320 3809 361 3864 15.
377 3838 416 3855 -,
440 3827 499 3864 non
518 3811 744 3882 disputationis]
768 3813 837 3866 lraec
853 3812 889 3866 ob
907 3814 1030 3867 omuibus
1050 3812 1099 3884 ng.
1120 3823 1147 3867 et
1165 3813 1220 3866 ior·

177 3897 251 3943 tasse
276 3891 359 3944 etiam
383 3893 418 3945 ab
441 3893 503 3946 aliis
526 3893 624 3948 absunt
645 3895 738 3965 itaque
762 3914 780 3950 a
801 3913 845 3950 me
866 3896 971 3949 uncinis
994 3897 1163 3950 clauduntur.
1184 3924 1219 3937 -

177 3967 337 4044 inuenisse]
356 3978 522 4030 instituisse
536 3974 589 4047 Lg.
608 3977 650 4034 tu.
668 3978 711 4041 93.
728 4006 765 4021 ·-
786 3978 906 4049 seculis]
923 3980 963 4033 sic
980 3981 1023 4047 (e)
1039 3978 1091 4047 Lg.
1109 3988 1220 4048 praeter

176 4053 201 4109 3.
217 4057 244 4112 3.
263 4058 289 4112 t.
309 4057 334 4112 3
354 4058 379 4114 tt.
403 4057 474 4115 Vici.
503 4057 555 4113 Gn.
576 4060 598 4117 l.
617 4062 642 4116 3.
689 4061 764 4116 163.
789 4072 818 4116 et
839 4062 890 4120 Gn.
908 4064 934 4117 3.
959 4069 1001 4114 est
1027 4059 1125 4119 sedtsa
1153 4053 1220 4110 illud
