2938 4590
249 304 372 378 sss·
473 396 478 403 ,
649 296 905 368 oronaours

248 445 469 561 percolimus,
496 468 576 536 nihil
601 480 632 536 te
661 467 789 554 effugiet
813 479 906 554 atque
934 487 1040 545 omne,
1069 467 1152 553 quod
1177 471 1237 534 erit
1261 469 1294 533 in

248 609 299 668 re,
322 599 465 656 occurret
487 587 728 674 atqueincidet.

334 704 469 771 XXXV.
508 703 580 771 148.
613 702 653 769 Et
681 706 743 780 sic,
775 721 845 768 cum
871 701 912 766 ad
939 690 1158 767 inveniendum
1185 690 1218 766 iu
1245 681 1293 767 di·
1391 687 1398 696 Χ

249 824 349 891 condo
376 825 437 889 tria
465 825 541 899 sint,
574 840 730 896 acumen,x
754 820 866 885 deiude
894 820 990 894 ratio,
1022 836 1115 902 quam
1142 818 1230 897 licet,
1262 822 1292 885 si

247 942 400 1018 uolumus,
418 939 612 1027 appellemus
628 948 735 1014 artem,
749 939 873 1001 tertium
888 934 1066 1019 diligentia:
1086 956 1150 1025 non
1163 955 1291 1022 possum

248 1058 392 1144 equidem
412 1078 476 1123 non
496 1058 624 1140 ingenio
645 1057 762 1141 primas
783 1053 965 1128 concedere,
988 1051 1045 1116 sed
1065 1062 1169 1118 tamen
1189 1055 1290 1139 ipsum
1315 1090 1321 1100 -ι
1353 1042 1356 1049 ’

248 1178 407 1260 ingenium
434 1175 599 1258 diligentia
620 1174 714 1237 etiarn
737 1191 776 1236 ex
795 1170 941 1235 tarditate
963 1150 1090 1248 incitat3
1117 1170 1294 1255 diligentia.

247 1296 387 1379 inquam,
415 1311 494 1383 quae
522 1310 592 1357 cum
618 1289 761 1355 omnibus
788 1289 821 1352 in
846 1287 941 1352 rebus
967 1297 1032 1352 turn
1052 1290 1086 1352 in
1108 1291 1214 1354 causis
1236 1289 1291 1355 de-

160 1431 164 1435 ’
247 1410 412 1476 tendendis
438 1409 600 1495 plurimum
626 1406 720 1473 valet.
774 1402 863 1469 Haec
888 1408 1055 1491 praecipue
1083 1406 1217 1471 colenda
1243 1418 1292 1475 est
1318 1435 1320 1438 ⁴

246 1526 353 1603 nobis,
379 1502 460 1591 baec
482 1544 605 1611 semper
627 1522 818 1599 adhibenda,
845 1521 926 1588 haec
952 1522 1030 1587 nilril
1053 1533 1100 1588 est
1123 1524 1205 1609 quod
1227 1527 1320 1591 non·

121 1696 127 1705 .
210 1711 212 1717 ,
248 1628 443 1729 assequatur.
488 1640 594 1708 Causa
616 1651 648 1706 ut
667 1642 804 1726 penitus,
828 1639 910 1726 quod
931 1642 1019 1705 initio
1042 1641 1123 1736 clini,¹
1142 1652 1218 1707 nota
1239 1645 1289 1721 sit,

247 1762 413 1847 diligentia
439 1771 501 1837 est3
527 1770 559 1824 ut
582 1759 796 1825 aduersarium
822 1766 935 1822 attente
958 1758 1121 1822 audiamus
1144 1766 1236 1844 atque
1257 1771 1291 1825 ut
1402 1798 1405 1805 ·

247 1882 316 1946 eius
345 1899 409 1944 non
434 1877 537 1943 solum
563 1878 751 1953 sententiae,
779 1874 835 1940 sed
861 1877 955 1940 etiam
979 1876 1078 1942 verba
1103 1879 1209 1942 omnia
1235 1898 1290 1944 ex-

246 2096 287 2160 sie
306 2094 368 2147 libri
392 2092 442 2163 Lg.
469 2102 496 2147 et
520 2092 565 2146 alii
588 2092 722 2162 plerique.
756 2109 811 2146 asa
833 2094 905 2148 enirn
926 2109 981 2145 non
1000 2110 1109 2160 omnes,
1133 2102 1163 2148 ut
1180 2091 1288 2149 Orellio

246 2180 352 2245 visum,
377 2178 426 2230 sed
450 2176 540 2232 llavn.
560 2177 627 2233 1.1.
657 2177 709 2232 Gn.
729 2177 752 2231 l.
771 2176 797 2230 1.
825 2176 876 2250 Lg.
895 2177 927 2230 81
949 2195 1019 2233 corr.
1042 2178 1084 2232 84.
1108 2196 1163 2234 sec.
1185 2197 1219 2232 m.
1246 2180 1286 2233 17.

245 2263 385 2317 Damnaut
402 2263 484 2315 illud:
503 2279 530 2317 v.
552 2262 759 2330 explicationes.

331 2347 448 2401 XXXV.
485 2346 542 2401 148.
579 2346 772 2414 indicendo]
805 2363 858 2401 om.
892 2346 944 2400 Gn.
969 2346 994 2402 3.
1031 2351 1063 2401 ia
1092 2365 1145 2403 orn.
1170 2347 1220 2420 Lg.
1244 2348 1284 2403 lt.

244 2426 411 2486 3111111.»
443 2435 503 2485 trio
526 2430 610 2498 11111]1
626 2437 694 2484 meat
718 2436 782 2484 trio
803 2430 853 2502 Lg.
871 2431 897 2485 1.
933 2430 1006 2485 boec
1029 2436 1170 2487 induciat
1192 2432 1285 2487 hamb.

246 2522 307 2572 triu
328 2524 396 2570 sunt
418 2515 468 2587 Lg.
494 2524 605 2586 praeter
626 2513 670 2568 36.
690 2515 732 2570 81’.
753 2515 795 2570 93.
813 2544 849 2556 —
866 2519 1013 2585 ¹tertium]
1041 2524 1068 2570 te
1086 2522 1165 2572 enim
1190 2520 1240 2573 Gn.
1260 2518 1284 2574 3.

245 2606 334 2657 tertio
357 2600 406 2672 Lg.
430 2601 456 2654 o.
479 2629 515 2641 —
532 2602 671 2676 primos]
690 2604 802 2672 primia
825 2599 920 2654 (11.3.
943 2628 979 2640 —-
1007 2619 1083 2671 puae
1107 2605 1185 2670 emm]
1211 2622 1287 2674 quae

243 2703 366 2741 meorum
390 2686 444 2738 soli
462 2684 564 2736 liabent
580 2685 604 2740 4.
625 2682 666 2738 13.
685 2684 727 2738 36.
746 2684 850 2738 6184.
887 2692 949 2738 tam
966 2688 979 2754 (
985 2704 1011 2755 p.
1031 2688 1110 2753 crem)
1131 2687 1171 2741 14.
1190 2687 1232 2742 31.
1250 2715 1288 2731 1-4

243 2771 379 2837 attente}
395 2769 514 2821 adtente
539 2767 588 2837 Lg.
613 2766 656 2820 14.
682 2768 724 2822 67.
749 2768 790 2822 76.
815 2768 856 2824 73.
893 2774 1002 2823 attenti
1024 2770 1065 2823 81.
1089 2771 1131 2823 84.
1145 2770 1228 2832 ‚vica
1242 2799 1286 2811 ·—-

244 2862 334 2923 atque
356 2854 405 2920 ut]
433 2859 467 2904 ui
485 2851 623 2922 ’ona'Lg'c
647 2852 689 2908 69.
713 2853 756 2906 93.
780 2879 816 2893 -
846 2855 1041 2926 excipiamus]
1066 2857 1285 2925 perspiciamus

243 2938 294 3007 Lg.
320 2937 370 2991 15:
384 2936 428 2990 86.
458 2940 664 3008 percipiamus
688 2936 722 2989 31
743 2955 813 2992 corr.
847 2936 898 2991 Gn.
917 2937 942 2989 3.
964 2965 999 2977 —
1029 2939 1135 3005 omnis]
1160 2938 1225 2991 dedi
1249 2956 1285 2993 ex

242 3021 294 3092 Lg.
312 3020 354 3076 36.
372 3020 414 3074 81.
433 3020 475 3076 84.
501 3020 552 3075 Gn.
574 3022 597 3074 l.
614 3022 638 3076 1.
658 3051 693 3061 -
724 3023 875 3088 indicant]
894 3022 1028 3075 iudicant
1047 3020 1097 3093 Lg.
1116 3023 1134 3075 4
1151 3040 1222 3076 corr.
1242 3022 1285 3077 31.

241 3105 345 3161 (15.76.
373 3103 469 3159 (11.3.
507 3106 618 3160 indicet
637 3107 678 3160 76.

329 3188 386 3243 lta
423 3189 457 3242 iel
475 3196 621 3242 11111111-
627 3190 790 3263 prudentio
808 3189 863 3255 esi]
882 3188 917 3242 de
934 3189 976 3242 his
992 3190 1058 3243 vide
1076 3191 1284 3261 explicationes.

242 3275 345 3329 Tamen
368 3275 504 3327 sententia
526 3275 699 3343 aliquatenus
722 3272 871 3338 constabit,
895 3274 919 3326 si
941 3275 1045 3327 uncinis
1068 3273 1172 3329 incluso
1194 3286 1221 3330 et
1236 3277 1284 3330 illo

133 3408 135 3414 ,
242 3367 344 3417 tamen
366 3360 484 3411 asciscas
507 3359 667 3428 scripturam
691 3357 849 3427 dilipentia
873 3374 924 3426 pro
944 3359 1109 3431 prudentia
1132 3378 1167 3413 ex
1188 3359 1239 3431 Lg.
1258 3361 1283 3413 1.

240 3443 283 3499 13.
302 3443 345 3497 67.
379 3443 426 3496 Sic
442 3454 516 3501 certe
534 3453 562 3497 et
580 3440 787 3513 ὃμοιοτελευτον
802 3451 929 3496 servatur
947 3453 974 3497 et
991 3445 1085 3513 inepta
1100 3444 1284 3514 interpellatio

241 3529 352 3583 tollitur.
388 3528 445 3582 Sed
463 3546 558 3582 mauris
578 3528 741 3583 correctoris
758 3536 850 3581 tamen
868 3528 977 3581 videtur
995 3529 1081 3598 ipsam
1101 3529 1226 3583 similiter
1236 3546 1285 3605 ⁴ca·

241 3612 329 3667 dentis
348 3614 501 3667 sententiae
520 3613 634 3667 formam
653 3613 844 3666 consectantis.
858 3640 894 3653 ·-
918 3616 949 3665 111
968 3614 1018 3680 iis]
1037 3617 1069 3666 111
1086 3629 1140 3666 om.
1154 3611 1205 3684 Lg.
1218 3612 1244 3666 1.
1259 3615 1284 3668 4.

242 3697 283 3751 13.
301 3697 416 3751 31111111.
435 3697 477 3750 36.
505 3696 556 3754 Gn.
575 3697 600 3753 3.
637 3695 685 3750 bie
708 3695 733 3751 3.
752 3699 777 3751 4.
803 3695 843 3751 13.
868 3695 910 3750 36.
933 3696 974 3750 65.
994 3696 1036 3750 67.
1056 3697 1098 3751 69.
1119 3697 1160 3751 70.
1182 3696 1223 3752 73.
1243 3697 1284 3751 76.
1338 3715 1342 3721 ·

238 3780 282 3836 81.
299 3781 343 3834 86.
368 3781 440 3835 Vlct.
467 3780 519 3834 Gu.
537 3780 562 3834 1.
581 3780 607 3832 3.
623 3809 659 3821 —-
683 3781 886 3853 percoluntur]
908 3778 1074 3834 revolvatur
1094 3781 1166 3847 Vict.
1187 3780 1239 3835 Gn.
1258 3780 1283 3834 3.

240 3865 291 3934 Lg.
315 3882 410 3918 omnes
432 3873 543 3935 praeter
565 3865 606 3918 76.
626 3865 668 3917 81.
689 3865 750 3930 84,
775 3865 848 3932 quod
870 3874 947 3918 recte
969 3866 1101 3935 explicari
1122 3880 1205 3935 posse
1227 3879 1282 3916 uon

239 3947 358 4001 ridetur.
376 3977 411 3988 -
433 3954 466 4000 at
480 3951 605 4018 penitus
625 3951 770 4015 insinuet]
794 3949 877 4019 vulgo
894 3949 958 4002 eddi
974 3949 1082 4002 solitum
1104 3966 1136 4000 se
1152 3947 1231 4000 abest
1248 3945 1283 3999 ab

240 4028 329 4082 Havu.
343 4029 367 4082 l.
380 4030 405 4083 1.
423 4031 493 4082 1781.
509 4029 604 4085 Mead.
623 4031 698 4085 Harl.
714 4032 738 4086 l.
765 4028 969 4085 oxoniensibus
987 4032 1111 4086 omnibus
1126 4029 1283 4084 Traiectino

240 4111 315 4185 opud
330 4111 532 4167 Dmkssb..ad
549 4112 610 4168 biv.
631 4113 679 4170 lX.
698 4115 732 4182 1,
748 4115 774 4171 8.
810 4115 863 4173 Gn.
883 4116 969 4171 tribus
993 4116 1043 4187 ug.
1062 4112 1186 4168 erunibus
1209 4112 1282 4173 vict.
