2942 4608
401 267 461 364 nn
489 293 717 367 consone
744 293 943 365 ιιιιιιιιιι
966 297 996 366 ι
1130 302 1219 375 uos
1278 254 1279 259 Ν

175 465 337 563 lontibus
346 476 390 549 et
409 483 605 578 quocunque
637 465 824 553 ingreditur,
856 465 968 532 eodem
992 474 1043 532 est
1072 466 1223 536 instructu

177 595 348 672 urnamque
369 564 527 671 comitata.
570 582 623 649 24.
651 581 719 650 Sed
740 586 888 670 quonlam
913 585 1057 671 oppressi
1081 587 1146 653 iam
1167 605 1222 652 su·

176 722 244 770 mus
266 700 464 789 opinionibus
489 720 569 769 non
563 699 669 768 modo
689 700 792 786 vulgi,
818 720 926 768 verum
947 703 1043 767 etiam
1062 700 1222 771 hominum

174 821 288 888 leuiter
301 819 501 896 eruditorum,
525 821 588 905 qui,
605 837 685 919 quae
701 818 1126 917 complectitotanequeunt
1140 818 1221 890 hacc

175 936 302 1007 facilius
325 935 451 1004 divulsa
472 944 503 1002 et
520 939 612 1022 quasi
634 937 793 1024 discerpta
814 942 1061 1030 contrectantet
1077 938 1131 1023 quui
1150 948 1222 1005 tau·
1243 935 1252 1046 p

174 1074 270 1141 quam
292 1054 332 1121 ab
356 1054 461 1120 ammo
484 1071 607 1140 corpus,
629 1056 676 1123 sic
699 1074 720 1120 a
740 1055 903 1121 sententiis
924 1053 1024 1121 verba
1044 1056 1247 1141 seiunguntl

176 1186 308 1258 qucum
333 1171 403 1236 sine
428 1172 553 1238 interitu
571 1169 641 1239 lieri
661 1181 803 1238 neutrum
823 1181 939 1259 potest3
966 1190 1031 1238 non
1051 1174 1222 1260 suscipiam

175 1289 319 1355 cretione
341 1306 416 1353 mes
433 1287 513 1375 plus,
536 1302 629 1375 pam
648 1288 725 1357 miii
745 1291 920 1377 imponitur.
964 1285 1100 1355 Tantum
1121 1286 1222 1375 signi—

175 1404 278 1491 licalpo
298 1405 388 1487 brevi
413 1425 514 1492 neque
534 1405 702 1472 verborum
724 1416 865 1473 ornatum
886 1407 1021 1474 inveniri
1040 1425 1135 1493 posse
1157 1425 1222 1473 nou

73 1616 75 1621 ,
176 1525 274 1611 partis
301 1525 521 1609 expressisque
550 1525 712 1588 sententiis
743 1543 844 1609 neque
871 1543 944 1590 esse
971 1523 1070 1590 ullam
1095 1534 1222 1590 seuten-

176 1642 253 1706 tiam
273 1639 427 1705 illustrem
450 1641 518 1704 sine
540 1638 611 1705 luce
633 1638 808 1704 verborum
842 1637 908 1705 Sed
928 1642 1025 1726 prius,
1048 1659 1141 1726 ιιιιιιιι
1162 1639 1222 1706 illa
1332 1631 1339 1636 ”

178 1775 276 1822 conor
298 1757 454 1840 ¹attingere
475 1755 590 1842 qulbus
612 1757 786 1827 orationem
808 1757 915 1823 ornari
938 1765 1029 1842 etque
1051 1755 1223 1822 illuminari

176 1883 292 1962 putem,
319 1890 489 1960 proponam
510 1870 648 1938 breviter
675 1873 750 1959 quid
776 1874 908 1939 sentiam
935 1873 974 1939 de
995 1846 1146 1940 universo*
1163 1887 1222 1960 gc-

95 2013 98 2027 *
176 2011 252 2058 nere
274 1989 408 2056 dicendi.

259 2105 325 2172 VH.
348 2104 403 2171 25.
425 2102 545 2191 Natura
564 2102 654 2170 nulla
674 2114 733 2193 est,
754 2115 787 2171 ut
805 2104 881 2170 mihi
896 2104 1032 2183 uidetur,
1055 2124 1135 2191 quas
1157 2124 1222 2173 uon

176 2222 292 2291 lrabeat
317 2226 352 2288 in
377 2241 435 2288 suo
461 2242 658 2306 genetores
687 2221 856 2308 compluris
882 2221 1046 2290 dissimilis
1073 2223 1154 2289 inter
1176 2241 1221 2301 se,

141 2326 143 2332 ’
177 2360 259 2427 quae
284 2349 390 2404 tamen
415 2336 573 2402 consimili
598 2336 693 2402 laude
716 2337 890 2420 dignentur.
933 2333 1016 2401 Nam
1041 2346 1073 2401 et
1094 2337 1248 2405 auribus'

178 2455 276 2522 murita
291 2454 489 2542 percipimus,
512 2470 602 2538 quae,
625 2454 685 2517 etsi
697 2471 765 2517 nos
783 2448 914 2518 vocibus
932 2451 1097 2530 delectant,
1119 2463 1225 2521 tamen

120 2572 124 2578 ’
179 2577 225 2641 ita
251 2581 322 2641 suut
341 2570 433 2649 varia
460 2588 571 2655 saepe,
596 2560 630 2655 ut
650 2568 697 2647 id,
725 2568 808 2654 quud
828 2571 1000 2655 proximum
1023 2570 1150 2648 audias,
1176 2572 1225 2637 iu·

179 2691 402 2757 cundissimum
431 2704 507 2752 esse
531 2683 692 2764 uideatur3
722 2696 754 2751 ct
782 2685 884 2752 oculis
909 2686 1100 2771 colligcmtur
1123 2701 1224 2775 paene

178 2798 424 2878 innumerabiles
445 2802 639 2891 voluptates,
662 2822 743 2888 quae
764 2823 823 2869 nos
845 2804 891 2868 ita
912 2805 1050 2900 capiunt,
1078 2814 1111 2870 ut
1131 2824 1226 2871 unum

179 3019 286 3087 metues]
312 3021 428 3072 animos
450 3016 502 3088 Lg.
521 3014 563 3071 76.
585 3042 621 3058 -
650 3018 802 3089 reflectat]
823 3019 958 3092 inflectat
981 3018 1032 3090 mg.
1051 3016 1085 3071 84
1103 3033 1173 3074 corr.
1189 3047 1225 3059 -

180 3105 316 3173 didasclus]
338 3103 468 3158 deducta
489 3101 541 3172 Lg.
559 3099 585 3156 6.
611 3101 651 3156 15.
673 3101 773 3157 1617.
799 3103 841 3156 20.
859 3105 902 3159 74.
922 3097 968 3160 35.
994 3104 1038 3158 66.
1056 3103 1100 3157 69.
1117 3103 1159 3158 76.
1181 3103 1225 3156 81.

179 3190 214 3244 84
230 3205 303 3244 corr.
321 3188 365 3243 86.
397 3186 522 3241 reducta
539 3185 582 3240 76.
615 3185 688 3240 Mox
710 3190 791 3241 ratio
813 3188 907 3255 multi,
933 3190 961 3241 iu
985 3186 1083 3255 quibus
1108 3195 1150 3240 est
1172 3186 1226 3254 32,

180 3275 245 3328 item
261 3272 314 3327 Gu.
334 3272 358 3328 l.

266 3355 309 3412 74.
344 3355 476 3425 divulso]
496 3355 598 3425 diuisa
611 3353 662 3425 mg.
680 3354 723 3409 76.
752 3356 860 3410 auulsa
871 3355 915 3408 81.
933 3382 969 3399 —
994 3355 1157 3427 discerpta]
1175 3348 1226 3408 de-

181 3446 285 3512 cerpta
297 3440 446 3511 11364-
465 3446 606 3495 emotum
620 3440 763 3506 inueniri]
778 3446 887 3494 oracta
899 3439 1067 3511 sipolpicuri
1076 3438 1127 3510 Lg.
1139 3439 1183 3494 81.
1191 3465 1227 3481 —-

176 3526 289 3599 pariis]
312 3525 373 3579 libri
388 3528 533 3597 pcriiitc;
556 3523 624 3577 illud
648 3540 664 3575 e
685 3524 843 3576 coniectura
862 3523 996 3577 Lambino
1016 3532 1228 3577 commemorata

180 3610 276 3675 fluxit,
299 3617 519 3679 receperuntque
535 3607 600 3662 Seu.
618 3605 716 3660 Muell
735 3606 873 3661 Heur.
897 3606 1055 3676 illustrem]
1073 3607 1228 3660 ιἰιὶιιιινιιη

180 3693 233 3764 ng
251 3693 309 3759 73.,
326 3701 355 3746 ut
372 3710 437 3747 mox
453 3692 499 3746 lric
515 3700 543 3747 et
561 3691 603 3746 76
625 3689 863 3745 inluminari.-
828 3695 975 3764 —prs‘us
993 3692 1094 3763 quom]
1117 3690 1228 3744 iunctim

181 3776 236 3830 soli
251 3792 374 3829 meorum
390 3776 434 3830 65.
447 3775 489 3830 67.
503 3776 544 3850 73.
557 3775 598 3831 76.
611 3774 655 3830 86
670 3774 713 3829 33.
725 3802 761 3817 -
779 3764 936 3849 attiuyere]
950 3776 1105 3850 adtiupere
1121 3775 1172 3846 ng.
1183 3773 1227 3829 67.

183 3861 225 3916 76.
245 3859 341 3913 73.
364 3845 546 3928 illumiuuei]
563 3860 714 3915 illustrari
730 3858 780 3930 Lg
801 3860 840 3915 16
859 3861 901 3916 86.

270 3944 331 4000 Vll.
367 3944 409 3998 36.
445 3944 607 4016 compluris
626 3944 797 4012 dissimilis]
821 3949 860 3999 sic
883 3945 934 4001 Gn.
952 3946 979 4002 2.
1003 3944 1054 4016 Ing.
1072 3946 1097 3998 3.
1123 3945 1163 3997 15.
1188 3943 1227 3996 16.

186 4031 226 4086 17.
243 4030 286 4086 63.
304 4030 348 4085 34.
374 4028 418 4084 33.
436 4027 478 4082 36.
502 4027 606 4083 6669.
625 4029 666 4083 76.
685 4028 726 4083 73.
746 4029 788 4083 76.
809 4030 869 4096 86,
891 4031 959 4084 111ιιι1
981 4031 1058 4099 prius
1083 4028 1163 4080 etiam
1185 4025 1228 4078 70.

184 4114 228 4170 ιι.
251 4115 295 4172 ιιι.
318 4106 360 4170 s‘s.
387 4111 459 4168 vnn.
483 4141 519 4154 -
551 4119 619 4167 ecee
643 4113 741 4180 varra]
771 4113 827 4169 inv.
856 4114 905 4183 ng.
931 4114 971 4165 ιι.
995 4112 1038 4165 ιι.
1062 4109 1106 4162 cu.
1129 4107 1172 4161 ce.
1195 4134 1231 4148 -

961 4209 1025 4273 29*
