<?xml version="1.0" encoding="UTF-8"?>
<!DOCTYPE html PUBLIC "-//W3C//DTD XHTML 1.0 Transitional//EN"
    "http://www.w3.org/TR/xhtml1/DTD/xhtml1-transitional.dtd">
<html xmlns="http://www.w3.org/1999/xhtml" xml:lang="en" lang="en">
 <head>
  <title>
</title>
<meta http-equiv="Content-Type" content="text/html;charset=utf-8" />
  <meta name='ocr-system' content='tesseract 3.04.00' />
  <meta name='ocr-capabilities' content='ocr_page ocr_carea ocr_par ocr_line ocrx_word'/>
</head>
<body>
  <div class='ocr_page' id='page_1' title='image "./mtulliciceronis00ellegoog/mtulliciceronis00ellegoog_0615.png"; bbox 0 0 2876 4612; ppageno 0'>
   <div class='ocr_carea' id='block_1_1' title="bbox 234 278 1194 355">
    <p class='ocr_par' dir='ltr' id='par_1_1' title="bbox 234 278 1194 355">
     <span class='ocr_line' id='line_1_1' title="bbox 234 278 1194 355; baseline -0.002 -8"><span class='ocrx_word' id='word_1_1' title='bbox 234 283 361 355; x_wconf 54' lang='lat' dir='ltr'>tm</span> <span class='ocrx_word' id='word_1_2' title='bbox 407 278 666 351; x_wconf 80' lang='lat' dir='ltr'>clnuuottls</span> <span class='ocrx_word' id='word_1_3' title='bbox 687 280 746 347; x_wconf 89' lang='lat' dir='ltr'>DE</span> <span class='ocrx_word' id='word_1_4' title='bbox 770 279 911 349; x_wconf 84' lang='lat' dir='ltr'><strong>ORAT.</strong></span> <span class='ocrx_word' id='word_1_5' title='bbox 933 281 1016 349; x_wconf 88' lang='lat' dir='ltr'>LlB.</span> <span class='ocrx_word' id='word_1_6' title='bbox 1044 281 1109 347; x_wconf 89' lang='lat'><em>111.</em></span> <span class='ocrx_word' id='word_1_7' title='bbox 1136 281 1194 347; x_wconf 87' lang='grc'>61.</span> 
     </span>
    </p>
   </div>
   <div class='ocr_carea' id='block_1_2' title="bbox 190 446 1375 1823">
    <p class='ocr_par' dir='ltr' id='par_1_2' title="bbox 190 446 1375 1823">
     <span class='ocr_line' id='line_1_2' title="bbox 259 446 1332 537; baseline -0.004 -22"><span class='ocrx_word' id='word_1_8' title='bbox 259 450 358 515; x_wconf 84' lang='lat' dir='ltr'>etiam</span> <span class='ocrx_word' id='word_1_9' title='bbox 382 451 499 535; x_wconf 75' lang='lat' dir='ltr'>magis,</span> <span class='ocrx_word' id='word_1_10' title='bbox 527 469 596 514; x_wconf 86' lang='lat' dir='ltr'>oum</span> <span class='ocrx_word' id='word_1_11' title='bbox 621 470 678 537; x_wconf 83' lang='lat' dir='ltr'>pro</span> <span class='ocrx_word' id='word_1_12' title='bbox 704 448 870 534; x_wconf 80' lang='lat' dir='ltr'>Bithyniae</span> <span class='ocrx_word' id='word_1_13' title='bbox 896 471 973 537; x_wconf 83' lang='lat' dir='ltr'>rege</span> <span class='ocrx_word' id='word_1_14' title='bbox 1000 450 1106 516; x_wconf 81' lang='lat' dir='ltr'>dixit</span> <span class='ocrx_word' id='word_1_15' title='bbox 1165 446 1273 525; x_wconf 82' lang='lat' dir='ltr'>Quam</span> <span class='ocrx_word' id='word_1_16' title='bbox 1298 447 1332 513; x_wconf 87' lang='lat' dir='ltr'>ol</span> 
     </span>
     <span class='ocr_line' id='line_1_3' title="bbox 257 563 1333 644; baseline -0.007 -9"><span class='ocrx_word' id='word_1_17' title='bbox 257 585 328 635; x_wconf 68' lang='lat' dir='ltr'>uun</span> <span class='ocrx_word' id='word_1_18' title='bbox 348 576 433 635; x_wconf 83' lang='lat' dir='ltr'>recte</span> <span class='ocrx_word' id='word_1_19' title='bbox 454 565 558 642; x_wconf 81' lang='lat' dir='ltr'>uides,</span> <span class='ocrx_word' id='word_1_20' title='bbox 586 563 717 644; x_wconf 76' lang='lat' dir='ltr'>Catude3</span> <span class='ocrx_word' id='word_1_21' title='bbox 743 566 823 632; x_wconf 83' lang='lat' dir='ltr'>nihil</span> <span class='ocrx_word' id='word_1_22' title='bbox 849 570 932 634; x_wconf 87' lang='lat' dir='ltr'>euim</span> <span class='ocrx_word' id='word_1_23' title='bbox 958 569 1011 633; x_wconf 89' lang='lat' dir='ltr'>isti</span> <span class='ocrx_word' id='word_1_24' title='bbox 1040 565 1263 631; x_wconf 78' lang='lat' dir='ltr'>adolescenti</span> <span class='ocrx_word' id='word_1_25' title='bbox 1284 584 1333 628; x_wconf 87' lang='lat' dir='ltr'>ne-</span> 
     </span>
     <span class='ocr_line' id='line_1_4' title="bbox 259 669 1331 768; baseline 0 -21"><span class='ocrx_word' id='word_1_26' title='bbox 259 702 321 768; x_wconf 86' lang='lat' dir='ltr'>que</span> <span class='ocrx_word' id='word_1_27' title='bbox 344 702 365 748; x_wconf 89' lang='lat' dir='ltr'>a</span> <span class='ocrx_word' id='word_1_28' title='bbox 384 693 498 748; x_wconf 88' lang='lat' dir='ltr'>natura</span> <span class='ocrx_word' id='word_1_29' title='bbox 518 702 618 767; x_wconf 86' lang='lat' dir='ltr'>neque</span> <span class='ocrx_word' id='word_1_30' title='bbox 641 703 662 748; x_wconf 88' lang='lat' dir='ltr'>a</span> <span class='ocrx_word' id='word_1_31' title='bbox 683 669 827 750; x_wconf 75' lang='lat' dir='ltr'>doetuina</span> <span class='ocrx_word' id='word_1_32' title='bbox 848 685 961 750; x_wconf 87' lang='lat' dir='ltr'>deesse</span> <span class='ocrx_word' id='word_1_33' title='bbox 984 685 1115 757; x_wconf 76' lang='lat' dir='ltr'>sentio.</span> <span class='ocrx_word' id='word_1_34' title='bbox 1167 682 1246 748; x_wconf 85' lang='grc'><strong>236.</strong></span> <span class='ocrx_word' id='word_1_35' title='bbox 1270 679 1331 758; x_wconf 80' lang='lat' dir='ltr'>Quo</span> 
     </span>
     <span class='ocr_line' id='line_1_5' title="bbox 259 797 1331 887; baseline -0.003 -23"><span class='ocrx_word' id='word_1_36' title='bbox 259 801 365 883; x_wconf 75' lang='lat' dir='ltr'>tnagis</span> <span class='ocrx_word' id='word_1_37' title='bbox 396 809 445 865; x_wconf 86' lang='lat' dir='ltr'>est</span> <span class='ocrx_word' id='word_1_38' title='bbox 474 800 545 876; x_wconf 86' lang='lat' dir='ltr'>tibi,</span> <span class='ocrx_word' id='word_1_39' title='bbox 579 797 685 877; x_wconf 85' lang='lat' dir='ltr'>Cotta,</span> <span class='ocrx_word' id='word_1_40' title='bbox 717 811 749 868; x_wconf 87' lang='lat' dir='ltr'>et</span> <span class='ocrx_word' id='word_1_41' title='bbox 773 801 844 879; x_wconf 88' lang='lat' dir='ltr'>tihi,</span> <span class='ocrx_word' id='word_1_42' title='bbox 878 799 1014 887; x_wconf 84' lang='lat' dir='ltr'>Sulpici,</span> <span class='ocrx_word' id='word_1_43' title='bbox 1051 798 1273 884; x_wconf 82' lang='lat' dir='ltr'>vigilandum</span> <span class='ocrx_word' id='word_1_44' title='bbox 1299 817 1331 862; x_wconf 88' lang='lat' dir='ltr'>ac</span> 
     </span>
     <span class='ocr_line' id='line_1_6' title="bbox 260 914 1375 1006; baseline -0.003 -24"><span class='ocrx_word' id='word_1_45' title='bbox 260 914 483 1006; x_wconf 27' lang='lat' dir='ltr'>laborandum..</span> <span class='ocrx_word' id='word_1_46' title='bbox 531 914 601 982; x_wconf 88' lang='lat' dir='ltr'>Non</span> <span class='ocrx_word' id='word_1_47' title='bbox 632 920 715 982; x_wconf 88' lang='lat' dir='ltr'>onim</span> <span class='ocrx_word' id='word_1_48' title='bbox 750 918 806 984; x_wconf 93' lang='lat' dir='ltr'>ille</span> <span class='ocrx_word' id='word_1_49' title='bbox 838 918 1007 984; x_wconf 87' lang='lat' dir='ltr'>mediocris</span> <span class='ocrx_word' id='word_1_50' title='bbox 1047 926 1179 985; x_wconf 87' lang='lat' dir='ltr'>orator</span> <span class='ocrx_word' id='word_1_51' title='bbox 1211 925 1329 981; x_wconf 83' lang='lat' dir='ltr'>vestrae</span> <span class='ocrx_word' id='word_1_52' title='bbox 1369 953 1375 968; x_wconf 88' lang='lat'><strong>·</strong></span> 
     </span>
     <span class='ocr_line' id='line_1_7' title="bbox 235 1025 1329 1122; baseline -0.002 -26"><span class='ocrx_word' id='word_1_53' title='bbox 235 1033 355 1118; x_wconf 50' lang='lat' dir='ltr'>&#39;quasi</span> <span class='ocrx_word' id='word_1_54' title='bbox 381 1036 553 1099; x_wconf 80' lang='lat' dir='ltr'>succrescit</span> <span class='ocrx_word' id='word_1_55' title='bbox 579 1025 705 1112; x_wconf 59' lang='lat' dir='ltr'>aetatis</span> <span class='ocrx_word' id='word_1_56' title='bbox 718 1034 775 1100; x_wconf 83' lang='lat' dir='ltr'>sed</span> <span class='ocrx_word' id='word_1_57' title='bbox 803 1044 833 1100; x_wconf 87' lang='lat' dir='ltr'>et</span> <span class='ocrx_word' id='word_1_58' title='bbox 854 1036 982 1119; x_wconf 82' lang='lat' dir='ltr'>ingenio</span> <span class='ocrx_word' id='word_1_59' title='bbox 1006 1036 1152 1122; x_wconf 85' lang='lat' dir='ltr'>peracri</span> <span class='ocrx_word' id='word_1_60' title='bbox 1178 1042 1211 1098; x_wconf 93' lang='lat' dir='ltr'>et</span> <span class='ocrx_word' id='word_1_61' title='bbox 1235 1031 1329 1097; x_wconf 87' lang='lat' dir='ltr'>studio</span> 
     </span>
     <span class='ocr_line' id='line_1_8' title="bbox 190 1145 1327 1235; baseline -0.004 -22"><span class='ocrx_word' id='word_1_62' title='bbox 190 1182 193 1191; x_wconf 95' lang='lat'>·</span> <span class='ocrx_word' id='word_1_63' title='bbox 262 1147 408 1232; x_wconf 79' lang='lat' dir='ltr'>flagranti</span> <span class='ocrx_word' id='word_1_64' title='bbox 435 1159 466 1215; x_wconf 88' lang='lat' dir='ltr'>et</span> <span class='ocrx_word' id='word_1_65' title='bbox 492 1149 636 1216; x_wconf 85' lang='lat' dir='ltr'>doctriua</span> <span class='ocrx_word' id='word_1_66' title='bbox 662 1152 778 1221; x_wconf 81' lang='lat' dir='ltr'>eximia</span> <span class='ocrx_word' id='word_1_67' title='bbox 804 1161 835 1216; x_wconf 87' lang='lat' dir='ltr'>et</span> <span class='ocrx_word' id='word_1_68' title='bbox 860 1154 1013 1218; x_wconf 84' lang='lat' dir='ltr'>memoria</span> <span class='ocrx_word' id='word_1_69' title='bbox 1040 1150 1234 1235; x_wconf 80' lang='lat' dir='ltr'>singulari</span> <span class='ocrx_word' id='word_1_70' title='bbox 1277 1145 1327 1215; x_wconf 79' lang='lat' dir='ltr'>Cui</span> 
     </span>
     <span class='ocr_line' id='line_1_9' title="bbox 263 1266 1324 1355; baseline -0.004 -24"><span class='ocrx_word' id='word_1_71' title='bbox 263 1285 440 1351; x_wconf 81' lang='lat' dir='ltr'>quanquam</span> <span class='ocrx_word' id='word_1_72' title='bbox 467 1267 575 1344; x_wconf 82' lang='lat' dir='ltr'>laneo,</span> <span class='ocrx_word' id='word_1_73' title='bbox 601 1278 707 1333; x_wconf 88' lang='lat' dir='ltr'>tamen</span> <span class='ocrx_word' id='word_1_74' title='bbox 733 1266 821 1332; x_wconf 90' lang='lat' dir='ltr'>illum</span> <span class='ocrx_word' id='word_1_75' title='bbox 848 1270 945 1334; x_wconf 88' lang='lat' dir='ltr'>aetati</span> <span class='ocrx_word' id='word_1_76' title='bbox 967 1287 1046 1333; x_wconf 85' lang='lat' dir='ltr'>suae</span> <span class='ocrx_word' id='word_1_77' title='bbox 1070 1276 1255 1355; x_wconf 84' lang='lat' dir='ltr'>praestare</span> <span class='ocrx_word' id='word_1_78' title='bbox 1277 1283 1324 1328; x_wconf 81' lang='lat' dir='ltr'>ou-</span> 
     </span>
     <span class='ocr_line' id='line_1_10' title="bbox 261 1381 1325 1470; baseline -0.005 -22"><span class='ocrx_word' id='word_1_79' title='bbox 261 1384 333 1469; x_wconf 82' lang='lat' dir='ltr'>pi03</span> <span class='ocrx_word' id='word_1_80' title='bbox 367 1383 459 1450; x_wconf 86' lang='lat' dir='ltr'>vobis</span> <span class='ocrx_word' id='word_1_81' title='bbox 490 1404 567 1450; x_wconf 82' lang='lat' dir='ltr'>nero</span> <span class='ocrx_word' id='word_1_82' title='bbox 601 1383 689 1448; x_wconf 87' lang='lat' dir='ltr'>illum</span> <span class='ocrx_word' id='word_1_83' title='bbox 719 1394 806 1451; x_wconf 88' lang='lat' dir='ltr'>tanto</span> <span class='ocrx_word' id='word_1_84' title='bbox 838 1386 989 1451; x_wconf 85' lang='lat' dir='ltr'>minorem</span> <span class='ocrx_word' id='word_1_85' title='bbox 1019 1401 1249 1470; x_wconf 81' lang='lat' dir='ltr'>praecurrere</span> <span class='ocrx_word' id='word_1_86' title='bbox 1278 1381 1325 1444; x_wconf 80' lang='lat' dir='ltr'>vix</span> 
     </span>
     <span class='ocr_line' id='line_1_11' title="bbox 261 1498 1320 1586; baseline -0.005 -21"><span class='ocrx_word' id='word_1_87' title='bbox 261 1499 424 1566; x_wconf 85' lang='lat' dir='ltr'>honestum</span> <span class='ocrx_word' id='word_1_88' title='bbox 445 1509 503 1566; x_wconf 91' lang='lat' dir='ltr'>est.</span> <span class='ocrx_word' id='word_1_89' title='bbox 547 1498 613 1564; x_wconf 89' lang='lat' dir='ltr'>Sed</span> <span class='ocrx_word' id='word_1_90' title='bbox 640 1503 704 1564; x_wconf 86' lang='lat' dir='ltr'>iam</span> <span class='ocrx_word' id='word_1_91' title='bbox 726 1519 906 1585; x_wconf 69' lang='lat' dir='ltr'>suigamus,</span> <span class='ocrx_word' id='word_1_92' title='bbox 933 1503 1047 1586; x_wconf 85' lang='lat' dir='ltr'>iuquit,</span> <span class='ocrx_word' id='word_1_93' title='bbox 1075 1517 1215 1585; x_wconf 86' lang='lat' dir='ltr'>nosque</span> <span class='ocrx_word' id='word_1_94' title='bbox 1239 1514 1320 1561; x_wconf 85' lang='lat' dir='ltr'>oure-</span> 
     </span>
     <span class='ocr_line' id='line_1_12' title="bbox 262 1615 1321 1709; baseline -0.007 -24"><span class='ocrx_word' id='word_1_95' title='bbox 262 1636 330 1685; x_wconf 80' lang='lat' dir='ltr'>tnns</span> <span class='ocrx_word' id='word_1_96' title='bbox 352 1626 383 1682; x_wconf 86' lang='lat' dir='ltr'>et</span> <span class='ocrx_word' id='word_1_97' title='bbox 401 1616 571 1703; x_wconf 86' lang='lat' dir='ltr'>aliquando</span> <span class='ocrx_word' id='word_1_98' title='bbox 593 1615 634 1681; x_wconf 88' lang='lat' dir='ltr'>ab</span> <span class='ocrx_word' id='word_1_99' title='bbox 653 1616 713 1682; x_wconf 85' lang='lat' dir='ltr'>han</span> <span class='ocrx_word' id='word_1_100' title='bbox 732 1622 929 1684; x_wconf 77' lang='lat' dir='ltr'>contentione</span> <span class='ocrx_word' id='word_1_101' title='bbox 948 1618 1185 1709; x_wconf 81' lang='lat' dir='ltr'>disputationis</span> <span class='ocrx_word' id='word_1_102' title='bbox 1206 1615 1321 1682; x_wconf 85' lang='lat' dir='ltr'>animos</span> 
     </span>
     <span class='ocr_line' id='line_1_13' title="bbox 262 1734 1185 1823; baseline -0.007 -20"><span class='ocrx_word' id='word_1_103' title='bbox 262 1743 388 1803; x_wconf 82' lang='lat' dir='ltr'>nostros</span> <span class='ocrx_word' id='word_1_104' title='bbox 410 1754 546 1823; x_wconf 83' lang='lat' dir='ltr'>curaque</span> <span class='ocrx_word' id='word_1_105' title='bbox 567 1734 722 1804; x_wconf 82' lang='lat' dir='ltr'>laxemus.&#39;</span> <span class='ocrx_word' id='word_1_106' title='bbox 1182 1759 1185 1762; x_wconf 46' lang='lat'><strong>⁴</strong></span> 
     </span>
    </p>
   </div>
   <div class='ocr_carea' id='block_1_3' title="bbox 190 1947 1402 3346">
    <p class='ocr_par' dir='ltr' id='par_1_3' title="bbox 190 1947 1315 2259">
     <span class='ocr_line' id='line_1_14' title="bbox 190 1947 1315 2023; baseline -0.006 -17"><span class='ocrx_word' id='word_1_107' title='bbox 190 2006 194 2017; x_wconf 24' lang='grc' dir='ltr'><em>Ι</em></span> <span class='ocrx_word' id='word_1_108' title='bbox 264 1954 327 2006; x_wconf 75' lang='lat' dir='ltr'>tom</span> <span class='ocrx_word' id='word_1_109' title='bbox 344 1968 408 2004; x_wconf 78' lang='lat' dir='ltr'>esee</span> <span class='ocrx_word' id='word_1_110' title='bbox 427 1951 527 2005; x_wconf 71' lang='lat' dir='ltr'>iudico</span> <span class='ocrx_word' id='word_1_111' title='bbox 545 1950 595 2023; x_wconf 77' lang='lat' dir='ltr'>ng.</span> <span class='ocrx_word' id='word_1_112' title='bbox 614 1950 655 2005; x_wconf 86' lang='lat'>15.</span> <span class='ocrx_word' id='word_1_113' title='bbox 671 1950 713 2004; x_wconf 74' lang='grc'>21.</span> <span class='ocrx_word' id='word_1_114' title='bbox 731 1948 773 2008; x_wconf 84' lang='grc'>86.</span> <span class='ocrx_word' id='word_1_115' title='bbox 810 1949 878 2005; x_wconf 81' lang='lat' dir='ltr'>dieo</span> <span class='ocrx_word' id='word_1_116' title='bbox 896 1969 923 2021; x_wconf 88' lang='lat' dir='ltr'>p.</span> <span class='ocrx_word' id='word_1_117' title='bbox 941 1950 1041 2005; x_wconf 70' lang='lat' dir='ltr'>iudico</span> <span class='ocrx_word' id='word_1_118' title='bbox 1058 1950 1114 2023; x_wconf 81' lang='lat' dir='ltr'>Lg.</span> <span class='ocrx_word' id='word_1_119' title='bbox 1133 1953 1161 2004; x_wconf 86' lang='grc'>4.</span> <span class='ocrx_word' id='word_1_120' title='bbox 1183 1948 1236 2002; x_wconf 84' lang='lat' dir='ltr'>Gu.</span> <span class='ocrx_word' id='word_1_121' title='bbox 1251 1947 1315 1999; x_wconf 80' lang='lat'><strong>3.·-</strong></span> 
     </span>
     <span class='ocr_line' id='line_1_15' title="bbox 263 2034 1311 2104; baseline -0.009 -17"><span class='ocrx_word' id='word_1_122' title='bbox 263 2040 344 2087; x_wconf 83' lang='lat' dir='ltr'>reete</span> <span class='ocrx_word' id='word_1_123' title='bbox 360 2034 455 2101; x_wconf 76' lang='lat' dir='ltr'>video]</span> <span class='ocrx_word' id='word_1_124' title='bbox 476 2041 556 2088; x_wconf 83' lang='lat' dir='ltr'>reete</span> <span class='ocrx_word' id='word_1_125' title='bbox 579 2050 631 2088; x_wconf 84' lang='lat' dir='ltr'>om.</span> <span class='ocrx_word' id='word_1_126' title='bbox 650 2034 721 2087; x_wconf 88' lang='lat' dir='ltr'>Vict.</span> <span class='ocrx_word' id='word_1_127' title='bbox 741 2065 772 2074; x_wconf 89' lang='lat'>-</span> <span class='ocrx_word' id='word_1_128' title='bbox 801 2042 914 2087; x_wconf 79' lang='lat' dir='ltr'>natura</span> <span class='ocrx_word' id='word_1_129' title='bbox 930 2064 965 2075; x_wconf 90' lang='lat'><em>-</em></span> <span class='ocrx_word' id='word_1_130' title='bbox 983 2035 1140 2104; x_wconf 76' lang='lat' dir='ltr'>doctrina]</span> <span class='ocrx_word' id='word_1_131' title='bbox 1167 2034 1240 2087; x_wconf 86' lang='lat' dir='ltr'>haec</span> <span class='ocrx_word' id='word_1_132' title='bbox 1256 2044 1311 2080; x_wconf 88' lang='lat' dir='ltr'>eou-</span> 
     </span>
     <span class='ocr_line' id='line_1_16' title="bbox 263 2110 1307 2194; baseline 0.001 -26"><span class='ocrx_word' id='word_1_133' title='bbox 263 2118 348 2169; x_wconf 83' lang='lat' dir='ltr'>traria</span> <span class='ocrx_word' id='word_1_134' title='bbox 363 2118 426 2169; x_wconf 84' lang='lat' dir='ltr'>loca</span> <span class='ocrx_word' id='word_1_135' title='bbox 443 2125 538 2170; x_wconf 91' lang='lat' dir='ltr'>tenent</span> <span class='ocrx_word' id='word_1_136' title='bbox 555 2118 584 2169; x_wconf 92' lang='lat' dir='ltr'>in</span> <span class='ocrx_word' id='word_1_137' title='bbox 602 2117 655 2170; x_wconf 83' lang='lat' dir='ltr'>Gu.</span> <span class='ocrx_word' id='word_1_138' title='bbox 667 2118 693 2171; x_wconf 86' lang='grc'>3.</span> <span class='ocrx_word' id='word_1_139' title='bbox 712 2148 745 2157; x_wconf 92' lang='grc'>-</span> <span class='ocrx_word' id='word_1_140' title='bbox 770 2120 877 2185; x_wconf 78' lang='lat' dir='ltr'>sentio]</span> <span class='ocrx_word' id='word_1_141' title='bbox 888 2118 948 2176; x_wconf 81' lang='lat' dir='ltr'>om.</span> <span class='ocrx_word' id='word_1_142' title='bbox 968 2118 1018 2194; x_wconf 85' lang='lat' dir='ltr'>Lg.</span> <span class='ocrx_word' id='word_1_143' title='bbox 1035 2120 1060 2172; x_wconf 88' lang='lat'>5.</span> <span class='ocrx_word' id='word_1_144' title='bbox 1081 2121 1125 2174; x_wconf 84' lang='grc'>14.</span> <span class='ocrx_word' id='word_1_145' title='bbox 1149 2118 1193 2172; x_wconf 88' lang='grc'>16.</span> <span class='ocrx_word' id='word_1_146' title='bbox 1212 2115 1255 2169; x_wconf 83' lang='grc'>20.</span> <span class='ocrx_word' id='word_1_147' title='bbox 1271 2110 1307 2164; x_wconf 74' lang='lat'>21·</span> 
     </span>
     <span class='ocr_line' id='line_1_17' title="bbox 262 2199 1085 2259; baseline 0.004 -6"><span class='ocrx_word' id='word_1_148' title='bbox 262 2199 304 2259; x_wconf 83' lang='grc'>23.</span> <span class='ocrx_word' id='word_1_149' title='bbox 323 2200 364 2255; x_wconf 87' lang='grc'>76.</span> <span class='ocrx_word' id='word_1_150' title='bbox 383 2202 426 2259; x_wconf 87' lang='grc'>73.</span> <span class='ocrx_word' id='word_1_151' title='bbox 446 2201 487 2255; x_wconf 87' lang='grc'>76.</span> <span class='ocrx_word' id='word_1_152' title='bbox 511 2201 581 2256; x_wconf 81' lang='lat' dir='ltr'>vict.</span> <span class='ocrx_word' id='word_1_153' title='bbox 618 2218 720 2255; x_wconf 79' lang='lat' dir='ltr'>censeo</span> <span class='ocrx_word' id='word_1_154' title='bbox 738 2202 773 2255; x_wconf 89' lang='grc'>65</span> <span class='ocrx_word' id='word_1_155' title='bbox 790 2219 862 2256; x_wconf 81' lang='lat' dir='ltr'>corr.</span> <span class='ocrx_word' id='word_1_156' title='bbox 1075 2221 1085 2243; x_wconf 65' lang='lat'>⁸</span> 
     </span>
    </p>

    <p class='ocr_par' dir='ltr' id='par_1_4' title="bbox 260 2272 1402 3285">
     <span class='ocr_line' id='line_1_18' title="bbox 347 2272 1305 2359; baseline -0.003 -19"><span class='ocrx_word' id='word_1_157' title='bbox 347 2285 407 2341; x_wconf 85' lang='grc'><strong>236.</strong></span> <span class='ocrx_word' id='word_1_158' title='bbox 443 2288 511 2356; x_wconf 76' lang='lat' dir='ltr'>peto]</span> <span class='ocrx_word' id='word_1_159' title='bbox 536 2303 626 2359; x_wconf 72' lang='lat' dir='ltr'>eoque</span> <span class='ocrx_word' id='word_1_160' title='bbox 648 2286 698 2356; x_wconf 73' lang='lat' dir='ltr'>Lg.</span> <span class='ocrx_word' id='word_1_161' title='bbox 722 2285 916 2356; x_wconf 67' lang='lat' dir='ltr'>praeterat.</span> <span class='ocrx_word' id='word_1_162' title='bbox 944 2286 983 2341; x_wconf 90' lang='grc'>13.</span> <span class='ocrx_word' id='word_1_163' title='bbox 1002 2287 1045 2343; x_wconf 76' lang='lat' dir='ltr'>tt.</span> <span class='ocrx_word' id='word_1_164' title='bbox 1069 2287 1115 2343; x_wconf 90' lang='grc'>32.</span> <span class='ocrx_word' id='word_1_165' title='bbox 1135 2272 1184 2340; x_wconf 70' lang='grc'>36.</span> <span class='ocrx_word' id='word_1_166' title='bbox 1205 2277 1305 2337; x_wconf 62' lang='grc'><strong>65084·</strong></span> 
     </span>
     <span class='ocr_line' id='line_1_19' title="bbox 263 2367 1306 2441; baseline -0.004 -18"><span class='ocrx_word' id='word_1_167' title='bbox 263 2387 354 2440; x_wconf 76' lang='lat' dir='ltr'>eoque</span> <span class='ocrx_word' id='word_1_168' title='bbox 370 2388 426 2440; x_wconf 81' lang='lat' dir='ltr'>quo</span> <span class='ocrx_word' id='word_1_169' title='bbox 446 2371 489 2426; x_wconf 90' lang='grc'>65.</span> <span class='ocrx_word' id='word_1_170' title='bbox 509 2401 542 2411; x_wconf 93' lang='grc'><strong>-</strong></span> <span class='ocrx_word' id='word_1_171' title='bbox 567 2373 695 2439; x_wconf 76' lang='lat' dir='ltr'>vestrae]</span> <span class='ocrx_word' id='word_1_172' title='bbox 713 2377 844 2425; x_wconf 77' lang='lat' dir='ltr'>nestram</span> <span class='ocrx_word' id='word_1_173' title='bbox 862 2370 914 2440; x_wconf 85' lang='lat' dir='ltr'>Lg.</span> <span class='ocrx_word' id='word_1_174' title='bbox 931 2370 956 2424; x_wconf 88' lang='grc'>2.</span> <span class='ocrx_word' id='word_1_175' title='bbox 975 2371 1009 2425; x_wconf 91' lang='grc'><strong>32</strong></span> <span class='ocrx_word' id='word_1_176' title='bbox 1026 2388 1098 2425; x_wconf 82' lang='lat' dir='ltr'>corr.</span> <span class='ocrx_word' id='word_1_177' title='bbox 1110 2437 1113 2441; x_wconf 14' lang='lat' dir='ltr'>v</span> <span class='ocrx_word' id='word_1_178' title='bbox 1126 2377 1158 2423; x_wconf 93' lang='lat' dir='ltr'>ut</span> <span class='ocrx_word' id='word_1_179' title='bbox 1181 2367 1220 2420; x_wconf 87' lang='grc'>15.</span> <span class='ocrx_word' id='word_1_180' title='bbox 1240 2369 1267 2416; x_wconf 82' lang='lat' dir='ltr'>ei</span> <span class='ocrx_word' id='word_1_181' title='bbox 1281 2375 1306 2413; x_wconf 81' lang='lat' dir='ltr'>v·</span> 
     </span>
     <span class='ocr_line' id='line_1_20' title="bbox 263 2442 1303 2521; baseline -0.01 -10"><span class='ocrx_word' id='word_1_182' title='bbox 263 2461 292 2511; x_wconf 78' lang='lat' dir='ltr'>ut</span> <span class='ocrx_word' id='word_1_183' title='bbox 309 2455 333 2509; x_wconf 91' lang='grc'>3.</span> <span class='ocrx_word' id='word_1_184' title='bbox 350 2455 393 2509; x_wconf 85' lang='grc'>36.</span> <span class='ocrx_word' id='word_1_185' title='bbox 413 2455 464 2511; x_wconf 88' lang='lat' dir='ltr'>Gu.</span> <span class='ocrx_word' id='word_1_186' title='bbox 480 2457 505 2510; x_wconf 92' lang='grc'>3.</span> <span class='ocrx_word' id='word_1_187' title='bbox 541 2463 663 2509; x_wconf 74' lang='lat' dir='ltr'>nostrae</span> <span class='ocrx_word' id='word_1_188' title='bbox 680 2455 705 2509; x_wconf 83' lang='lat'>3.</span> <span class='ocrx_word' id='word_1_189' title='bbox 721 2454 763 2510; x_wconf 83' lang='grc'>67.</span> <span class='ocrx_word' id='word_1_190' title='bbox 781 2454 823 2508; x_wconf 83' lang='grc'>81.</span> <span class='ocrx_word' id='word_1_191' title='bbox 843 2442 946 2507; x_wconf 35' lang='lat' dir='ltr'>&#39;uram</span> <span class='ocrx_word' id='word_1_192' title='bbox 957 2456 979 2507; x_wconf 75' lang='grc'>’4</span> <span class='ocrx_word' id='word_1_193' title='bbox 998 2456 1097 2521; x_wconf 70' lang='lat' dir='ltr'>(o&#39;iam</span> <span class='ocrx_word' id='word_1_194' title='bbox 1109 2477 1146 2502; x_wconf 79' lang='lat' dir='ltr'><em>z</em></span> <span class='ocrx_word' id='word_1_195' title='bbox 1158 2446 1303 2510; x_wconf 75' lang='lat' dir='ltr'>neutraml·</span> 
     </span>
     <span class='ocr_line' id='line_1_21' title="bbox 264 2528 1304 2609; baseline -0.005 -17"><span class='ocrx_word' id='word_1_196' title='bbox 264 2542 295 2592; x_wconf 81' lang='lat' dir='ltr'>in</span> <span class='ocrx_word' id='word_1_197' title='bbox 316 2546 448 2592; x_wconf 71' lang='lat' dir='ltr'>vestram</span> <span class='ocrx_word' id='word_1_198' title='bbox 471 2539 512 2592; x_wconf 82' lang='lat'>15.</span> <span class='ocrx_word' id='word_1_199' title='bbox 534 2539 576 2593; x_wconf 77' lang='lat' dir='ltr'>nt.</span> <span class='ocrx_word' id='word_1_200' title='bbox 600 2539 642 2594; x_wconf 83' lang='grc'>66.</span> <span class='ocrx_word' id='word_1_201' title='bbox 678 2538 787 2593; x_wconf 85' lang='lat' dir='ltr'>Deinde</span> <span class='ocrx_word' id='word_1_202' title='bbox 810 2545 940 2596; x_wconf 78' lang='lat' dir='ltr'>oetatem</span> <span class='ocrx_word' id='word_1_203' title='bbox 963 2537 1013 2609; x_wconf 65' lang='lat' dir='ltr'>lag.</span> <span class='ocrx_word' id='word_1_204' title='bbox 1032 2538 1058 2592; x_wconf 89' lang='grc'>2.</span> <span class='ocrx_word' id='word_1_205' title='bbox 1081 2540 1106 2596; x_wconf 70' lang='lat' dir='ltr'>tl,</span> <span class='ocrx_word' id='word_1_206' title='bbox 1135 2538 1178 2592; x_wconf 89' lang='grc'><strong>13.</strong></span> <span class='ocrx_word' id='word_1_207' title='bbox 1205 2533 1243 2587; x_wconf 87' lang='grc'>15.</span> <span class='ocrx_word' id='word_1_208' title='bbox 1266 2528 1304 2581; x_wconf 74' lang='lat'>2⁴1·</span> 
     </span>
     <span class='ocr_line' id='line_1_22' title="bbox 262 2621 1303 2689; baseline -0.006 -13"><span class='ocrx_word' id='word_1_209' title='bbox 262 2621 297 2676; x_wconf 89' lang='grc'>32</span> <span class='ocrx_word' id='word_1_210' title='bbox 308 2640 380 2676; x_wconf 81' lang='lat' dir='ltr'>corr.</span> <span class='ocrx_word' id='word_1_211' title='bbox 392 2624 434 2678; x_wconf 89' lang='grc'>36.</span> <span class='ocrx_word' id='word_1_212' title='bbox 449 2624 491 2678; x_wconf 85' lang='grc'>66.</span> <span class='ocrx_word' id='word_1_213' title='bbox 519 2627 629 2676; x_wconf 75' lang='lat' dir='ltr'>aetolis</span> <span class='ocrx_word' id='word_1_214' title='bbox 650 2622 701 2676; x_wconf 88' lang='lat' dir='ltr'>Gu.</span> <span class='ocrx_word' id='word_1_215' title='bbox 717 2622 742 2678; x_wconf 87' lang='grc'>3.</span> <span class='ocrx_word' id='word_1_216' title='bbox 770 2622 847 2675; x_wconf 85' lang='lat' dir='ltr'>Haec</span> <span class='ocrx_word' id='word_1_217' title='bbox 859 2623 950 2675; x_wconf 90' lang='lat' dir='ltr'>omnia</span> <span class='ocrx_word' id='word_1_218' title='bbox 963 2621 1101 2675; x_wconf 79' lang='lat' dir='ltr'>fluxerunt</span> <span class='ocrx_word' id='word_1_219' title='bbox 1114 2639 1152 2674; x_wconf 75' lang='lat' dir='ltr'>ex</span> <span class='ocrx_word' id='word_1_220' title='bbox 1166 2627 1303 2689; x_wconf 74' lang='lat' dir='ltr'>perperam</span> 
     </span>
     <span class='ocr_line' id='line_1_23' title="bbox 264 2704 1306 2777; baseline -0.017 -14"><span class='ocrx_word' id='word_1_221' title='bbox 264 2707 405 2763; x_wconf 81' lang='lat' dir='ltr'>intellecto</span> <span class='ocrx_word' id='word_1_222' title='bbox 423 2707 587 2777; x_wconf 81' lang='lat' dir='ltr'>compendio</span> <span class='ocrx_word' id='word_1_223' title='bbox 607 2706 772 2776; x_wconf 84' lang='lat' dir='ltr'>syllabarum</span> <span class='ocrx_word' id='word_1_224' title='bbox 790 2704 921 2759; x_wconf 79' lang='lat' dir='ltr'>finalium.</span> <span class='ocrx_word' id='word_1_225' title='bbox 939 2734 974 2745; x_wconf 89' lang='lat'><em>-</em></span> <span class='ocrx_word' id='word_1_226' title='bbox 1000 2711 1030 2757; x_wconf 83' lang='lat' dir='ltr'>el</span> <span class='ocrx_word' id='word_1_227' title='bbox 1047 2706 1181 2776; x_wconf 72' lang='lat' dir='ltr'>inpendo]</span> <span class='ocrx_word' id='word_1_228' title='bbox 1204 2706 1234 2753; x_wconf 85' lang='lat' dir='ltr'>et</span> <span class='ocrx_word' id='word_1_229' title='bbox 1254 2711 1306 2748; x_wconf 52' lang='lat' dir='ltr'>oin:</span> 
     </span>
     <span class='ocr_line' id='line_1_24' title="bbox 263 2779 1402 2857; baseline -0.005 -13"><span class='ocrx_word' id='word_1_230' title='bbox 263 2791 314 2845; x_wconf 85' lang='lat' dir='ltr'>Gu.</span> <span class='ocrx_word' id='word_1_231' title='bbox 332 2791 362 2844; x_wconf 81' lang='grc' dir='ltr'>3.Ι</span> <span class='ocrx_word' id='word_1_232' title='bbox 381 2821 410 2832; x_wconf 84' lang='grc'>-</span> <span class='ocrx_word' id='word_1_233' title='bbox 442 2794 538 2844; x_wconf 80' lang='lat' dir='ltr'>aetati</span> <span class='ocrx_word' id='word_1_234' title='bbox 561 2792 643 2857; x_wconf 79' lang='lat' dir='ltr'>suae]</span> <span class='ocrx_word' id='word_1_235' title='bbox 669 2794 795 2843; x_wconf 81' lang='lat' dir='ltr'>etatloue</span> <span class='ocrx_word' id='word_1_236' title='bbox 818 2790 870 2844; x_wconf 90' lang='lat' dir='ltr'>Gu.</span> <span class='ocrx_word' id='word_1_237' title='bbox 888 2789 913 2845; x_wconf 94' lang='grc'>3.</span> <span class='ocrx_word' id='word_1_238' title='bbox 939 2820 969 2835; x_wconf 56' lang='lat' dir='ltr'><em>v</em></span> <span class='ocrx_word' id='word_1_239' title='bbox 1000 2788 1093 2855; x_wconf 76' lang='lat' dir='ltr'>vobio]</span> <span class='ocrx_word' id='word_1_240' title='bbox 1120 2807 1175 2843; x_wconf 87' lang='lat' dir='ltr'>om.</span> <span class='ocrx_word' id='word_1_241' title='bbox 1199 2785 1248 2839; x_wconf 84' lang='lat' dir='ltr'>Gn.</span> <span class='ocrx_word' id='word_1_242' title='bbox 1265 2779 1302 2838; x_wconf 83' lang='lat'>3.;</span> <span class='ocrx_word' id='word_1_243' title='bbox 1401 2843 1402 2852; x_wconf 20' lang='lat' dir='ltr'>p</span> 
     </span>
     <span class='ocr_line' id='line_1_25' title="bbox 263 2861 1299 2943; baseline -0.013 -14"><span class='ocrx_word' id='word_1_244' title='bbox 263 2875 334 2930; x_wconf 82' lang='lat' dir='ltr'>idem</span> <span class='ocrx_word' id='word_1_245' title='bbox 353 2892 417 2929; x_wconf 78' lang='lat' dir='ltr'>mox</span> <span class='ocrx_word' id='word_1_246' title='bbox 435 2892 542 2929; x_wconf 79' lang='lat' dir='ltr'>venum.</span> <span class='ocrx_word' id='word_1_247' title='bbox 556 2906 587 2915; x_wconf 94' lang='lat'><em>-</em></span> <span class='ocrx_word' id='word_1_248' title='bbox 608 2876 746 2943; x_wconf 71' lang='lat' dir='ltr'>aetraque]</span> <span class='ocrx_word' id='word_1_249' title='bbox 764 2873 923 2943; x_wconf 86' lang='lat' dir='ltr'>recipienda</span> <span class='ocrx_word' id='word_1_250' title='bbox 940 2888 1000 2925; x_wconf 84' lang='lat' dir='ltr'>outn</span> <span class='ocrx_word' id='word_1_251' title='bbox 1015 2872 1214 2929; x_wconf 83' lang='lat' dir='ltr'>Henrielnsenio</span> <span class='ocrx_word' id='word_1_252' title='bbox 1229 2861 1299 2918; x_wconf 77' lang='lat' dir='ltr'>nouis</span> 
     </span>
     <span class='ocr_line' id='line_1_26' title="bbox 263 2954 1299 3026; baseline -0.002 -14"><span class='ocrx_word' id='word_1_253' title='bbox 263 2959 408 3012; x_wconf 82' lang='lat' dir='ltr'>videbatur</span> <span class='ocrx_word' id='word_1_254' title='bbox 422 2958 547 3012; x_wconf 81' lang='lat' dir='ltr'>Lambini</span> <span class='ocrx_word' id='word_1_255' title='bbox 566 2959 731 3023; x_wconf 83' lang='lat' dir='ltr'>emendatio,</span> <span class='ocrx_word' id='word_1_256' title='bbox 748 2975 807 3013; x_wconf 79' lang='lat' dir='ltr'>eunt</span> <span class='ocrx_word' id='word_1_257' title='bbox 826 2957 906 3010; x_wconf 89' lang='lat' dir='ltr'>codd.</span> <span class='ocrx_word' id='word_1_258' title='bbox 923 2965 950 3009; x_wconf 90' lang='lat' dir='ltr'>et</span> <span class='ocrx_word' id='word_1_259' title='bbox 966 2954 1028 3009; x_wconf 83' lang='lat' dir='ltr'>edd.</span> <span class='ocrx_word' id='word_1_260' title='bbox 1046 2957 1131 3026; x_wconf 85' lang='lat' dir='ltr'>vulgo</span> <span class='ocrx_word' id='word_1_261' title='bbox 1149 2962 1299 3017; x_wconf 56' lang='lat' dir='ltr'>curamini</span> 
     </span>
     <span class='ocr_line' id='line_1_27' title="bbox 262 3035 1402 3111; baseline -0.002 -18"><span class='ocrx_word' id='word_1_262' title='bbox 262 3058 329 3111; x_wconf 85' lang='lat' dir='ltr'>prae</span> <span class='ocrx_word' id='word_1_263' title='bbox 348 3058 378 3094; x_wconf 79' lang='lat' dir='ltr'>se</span> <span class='ocrx_word' id='word_1_264' title='bbox 396 3040 492 3097; x_wconf 82' lang='lat' dir='ltr'>ierant.</span> <span class='ocrx_word' id='word_1_265' title='bbox 528 3041 653 3095; x_wconf 76' lang='lat' dir='ltr'>Animus</span> <span class='ocrx_word' id='word_1_266' title='bbox 672 3043 743 3093; x_wconf 88' lang='lat' dir='ltr'>enim</span> <span class='ocrx_word' id='word_1_267' title='bbox 762 3041 937 3095; x_wconf 87' lang='lat' dir='ltr'>contentione</span> <span class='ocrx_word' id='word_1_268' title='bbox 957 3040 1210 3101; x_wconf 61' lang='lat' dir='ltr'>enuntiationum</span> <span class='ocrx_word' id='word_1_269' title='bbox 1232 3045 1297 3086; x_wconf 69' lang='lat' dir='ltr'><em>cura</em></span> <span class='ocrx_word' id='word_1_270' title='bbox 1401 3035 1402 3046; x_wconf 52' lang='lat'>¹</span> 
     </span>
     <span class='ocr_line' id='line_1_28' title="bbox 260 3110 1297 3195; baseline -0.002 -18"><span class='ocrx_word' id='word_1_271' title='bbox 260 3125 349 3177; x_wconf 79' lang='lat' dir='ltr'>laxari</span> <span class='ocrx_word' id='word_1_272' title='bbox 375 3124 392 3182; x_wconf 85' lang='lat' dir='ltr'>i,</span> <span class='ocrx_word' id='word_1_273' title='bbox 411 3141 435 3177; x_wconf 90' lang='lat' dir='ltr'>e.</span> <span class='ocrx_word' id='word_1_274' title='bbox 461 3123 562 3190; x_wconf 68' lang='lat' dir='ltr'>uentitti</span> <span class='ocrx_word' id='word_1_275' title='bbox 586 3143 609 3187; x_wconf 73' lang='lat' dir='ltr'>s,</span> <span class='ocrx_word' id='word_1_276' title='bbox 632 3125 703 3183; x_wconf 85' lang='lat' dir='ltr'>solvi</span> <span class='ocrx_word' id='word_1_277' title='bbox 724 3126 921 3195; x_wconf 80' lang='lat' dir='ltr'>sanepotest,</span> <span class='ocrx_word' id='word_1_278' title='bbox 944 3124 994 3178; x_wconf 91' lang='lat' dir='ltr'>sed</span> <span class='ocrx_word' id='word_1_279' title='bbox 1013 3128 1199 3185; x_wconf 76' lang='lat' dir='ltr'>contentione</span> <span class='ocrx_word' id='word_1_280' title='bbox 1220 3110 1297 3175; x_wconf 72' lang='lat' dir='ltr'>taxati</span> 
     </span>
     <span class='ocr_line' id='line_1_29' title="bbox 263 3217 545 3285; baseline 0.004 -24"><span class='ocrx_word' id='word_1_281' title='bbox 263 3227 317 3271; x_wconf 84' lang='lat' dir='ltr'>pon</span> <span class='ocrx_word' id='word_1_282' title='bbox 336 3217 434 3285; x_wconf 69' lang='lat' dir='ltr'>polest,</span> <span class='ocrx_word' id='word_1_283' title='bbox 544 3276 545 3283; x_wconf 8' lang='grc' dir='ltr'>ἵ</span> 
     </span>
    </p>

    <p class='ocr_par' dir='ltr' id='par_1_5' title="bbox 442 3311 461 3346">
     <span class='ocr_line' id='line_1_30' title="bbox 442 3311 461 3346; baseline 0 0"><span class='ocrx_word' id='word_1_284' title='bbox 442 3311 461 3346; x_wconf 66' lang='lat' dir='ltr'>a</span> 
     </span>
    </p>
   </div>
   <div class='ocr_carea' id='block_1_4' title="bbox 0 0 1444 4612">
    <p class='ocr_par' dir='ltr' id='par_1_6' title="bbox 0 0 1444 4612">
     <span class='ocr_line' id='line_1_31' title="bbox 0 0 1444 4612; baseline 0 0"><span class='ocrx_word' id='word_1_285' title='bbox 0 0 1444 4612; x_wconf 95' lang='lat' dir='ltr'> </span> 
     </span>
    </p>
   </div>
  </div>
 </body>
</html>
