2968 4596
423 284 482 352 DE
510 284 740 355 ORATORE
769 285 890 355 LlBEll
912 286 935 355 l.
957 289 988 356 9.
1124 390 1129 403 .
1164 290 1227 363 25

180 455 328 524 centibus
350 475 423 522 esse
443 456 649 524 constitutost
691 457 743 523 37.
766 457 817 522 An
837 477 913 524 vero
933 455 990 523 tibi
1004 455 1155 523 Romulus
1173 456 1228 524 illo

183 584 242 640 aut
261 585 403 661 pastores
426 586 457 640 et
475 595 633 641 convenas
649 594 863 659 congregasse
879 584 932 640 aut
947 572 1138 641 Sabinorum
1155 595 1231 641 con·

181 691 283 757 nulla
304 693 505 758 coniunxisse
520 704 572 758 aut
586 692 783 758 finitimorum
795 693 857 758 mm
872 694 1064 778 repressisse
1080 692 1230 778 eloquen-

180 811 231 874 tia
250 810 386 887 videtur,
407 830 473 875 non
493 809 627 876 consilio
646 820 677 874 et
692 811 847 895 supientia
865 808 1039 893 singularit
1072 808 1175 889 Quidi
1197 810 1230 875 in

181 923 288 991 Numa
306 925 480 1013 Pompilio;
506 928 601 1012 quidl
625 930 659 991 in
680 924 794 993 Servio
817 925 943 1003 Tullio;
971 925 1066 1011 quius
1090 928 1124 992 in
1145 936 1230 992 ceto-

114 1109 117 1112 .
181 1045 231 1109 ris
253 1042 395 1128 regibus,
421 1063 552 1130 quorum
572 1044 669 1109 multa
690 1054 761 1110 sunt
781 1045 899 1110 eximia
920 1043 961 1108 ad
983 1043 1229 1110 constituendam

181 1160 437 1247 rempublicam,
456 1181 532 1226 num
549 1161 746 1248 eloquentiae
760 1162 929 1244 uestigium
945 1165 1094 1247 appareti
1126 1159 1230 1240 Quidl

183 1281 306 1344 exactis
319 1279 464 1364 regibus,
486 1282 611 1362 tametsi
627 1254 728 1366 ipsam
744 1281 939 1344 exactionem
956 1288 1072 1355 mente,
1090 1297 1157 1343 non
1170 1277 1230 1343 lin-
1252 1254 1255 1259 ⁵

182 1416 252 1481 gua
271 1397 442 1482 perfectam
463 1393 501 1461 L.
517 1395 606 1462 Bruti
627 1415 699 1462 esse
723 1397 893 1472 cernimus,
917 1394 973 1460 sed
995 1394 1143 1481 deinceps
1165 1415 1231 1461 orn-

182 1515 242 1581 nia
267 1534 370 1581 noune
391 1514 488 1601 plena
510 1515 727 1593 consiliorum,
753 1516 862 1581 inania
882 1512 1047 1580 uerborum
1067 1512 1231 1581 uidemusi

186 1727 278 1784 Lectt.
296 1728 365 1784 Tull.
390 1750 416 1801 p.
435 1731 459 1788 6.
479 1733 521 1788 91.
541 1732 593 1788 365
617 1731 707 1786 Hand.
744 1731 806 1787 Nec
829 1750 864 1786 ea
886 1734 982 1803 regula
1005 1731 1146 1802 quicquam
1170 1749 1232 1804 pro·

185 1811 282 1880 licias,
311 1831 389 1883 quam
412 1817 532 1872 Homullus
557 1819 649 1889 posuit
675 1817 712 1870 de
730 1815 798 1871 Stil.
819 1817 870 1872 Iol.
897 1836 924 1888 p.
944 1816 1020 1883 933,
1043 1817 1134 1870 iterari
1155 1835 1233 1888 prae·

185 1898 366 1970 positionem,
385 1919 444 1955 eum
462 1904 503 1956 sul
522 1904 587 1956 iuris
605 1903 659 1957 sint
676 1902 814 1958 subiectae
830 1902 964 1957 notiones.
990 1902 1060 1955 Sunt
1078 1902 1148 1955 enirn
1163 1920 1232 1956 sem·

184 1999 237 2052 per
255 1991 283 2037 et
299 1987 454 2040 necessario
472 1988 499 2040 ln
518 1988 686 2042 disiunctivis
704 1987 851 2041 sententiis.
885 1986 993 2041 liudem
1009 1987 1079 2041 redit
1096 1985 1231 2059 Murtynl·

183 2066 315 2138 Lagunue
333 2071 492 2125 observatio
511 2074 548 2126 aul
565 2072 621 2127 Cic.
641 2073 750 2126 Divers.
768 2070 789 2126 l.
809 2072 849 2137 l.‚
871 2088 950 2141 quam
968 2072 1089 2140 sequitur
1108 2073 1229 2128 Goeller.

184 2152 222 2204 ad
246 2151 293 2208 Or.
317 2173 344 2224 p.
364 2155 423 2221 72,
446 2165 477 2209 ut
501 2156 751 2237 obtemperantibus
775 2157 876 2210 nullum
900 2157 1051 2228 corrigendi
1068 2155 1152 2211 finem
1170 2158 1231 2211 lore

183 2235 243 2291 iure
264 2238 363 2293 dixerit
380 2241 521 2310 Zumptlus
538 2242 575 2294 ad
594 2242 657 2296 Div.
676 2242 704 2294 in
722 2241 801 2297 Gaec.
823 2241 864 2306 19,
884 2242 925 2297 ll.
961 2240 993 2294 ln
1011 2241 1047 2294 de
1065 2239 1114 2295 Or.
1132 2241 1167 2296 ll.
1187 2242 1232 2308 39,

185 2319 261 2386 los..
281 2323 389 2391 plurimi
405 2334 434 2377 et
452 2326 544 2393 optimi
559 2325 620 2378 libri
638 2332 691 2378 aut
710 2327 751 2379 ud
765 2324 951 2399 probandum
963 2331 1017 2379 out
1028 2324 1230 2394 refellendam.
1333 2336 1338 2347 “

184 2405 250 2459 Alia
266 2422 314 2458 res
334 2414 377 2459 est
393 2406 438 2471 12,
455 2407 497 2460 53.
513 2436 549 2448 --
580 2410 748 2480 ornateque]
766 2412 806 2464 sic
823 2428 873 2482 pro
891 2418 921 2464 et
938 2415 1043 2464 emate
1060 2409 1233 2465 scribendum

163 2487 241 2539 ‘tuto
267 2504 304 2540 ex
326 2487 377 2559 Lg.
399 2488 490 2542 initii
514 2490 646 2561 bonisque
670 2496 807 2562 omnibus,
834 2504 862 2549 et
883 2495 921 2548 U.
956 2493 999 2546 lta
1025 2493 1120 2562 corrigi
1144 2494 1233 2551 voluit

187 2570 289 2641 Stepln
924 2586 931 2598 ·

276 2655 319 2712 37.
355 2673 396 2710 un
417 2658 498 2729 uero]
524 2675 590 2713 uero
613 2677 663 2716 om.
690 2662 741 2716 Gn.
763 2663 786 2716 l.
805 2662 838 2716 2.
855 2659 905 2730 Lg.
927 2660 951 2712 i.
973 2657 998 2711 5.
1019 2654 1044 2711 6.
1066 2655 1105 2712 lu.
1128 2657 1231 2715 1516.

183 2741 229 2796 96.
242 2740 283 2796 21.
300 2741 398 2797 nana
411 2742 453 2798 65.
469 2742 510 2799 69.
528 2744 567 2799 70.
584 2745 623 2801 73.
637 2746 679 2800 Sl.
692 2746 734 2801 ffi.
747 2746 788 2800 93.
806 2745 1026 2816 reciperemque,
1046 2758 1107 2798 cnm
1123 2744 1232 2814 gravius

182 2827 219 2880 slt
243 2826 270 2879 in
294 2828 420 2898 exemplo
444 2827 616 2897 inducendo,
638 2830 661 2883 sl
681 2831 838 2885 addicerent
859 2829 951 2900 optinui
972 2827 996 2882 9.
1018 2827 1056 2881 13.
1077 2827 1118 2887 32.
1137 2828 1179 2883 36.
1196 2860 1231 2872 —-

183 2916 216 2963 et
239 2910 397 2982 convenas]
427 2920 481 2966 aut
505 2931 584 2971 cono.
612 2913 664 2969 Gn.
687 2915 710 2970 l.
735 2916 864 2968 odoenus
889 2913 938 2985 ng.
957 2912 982 2968 6.
1003 2941 1039 2953 ·-
1073 2912 1231 2985 oenanthio]

183 2998 326 3068 eoaiupia
344 2996 394 3068 Lg.
413 2997 438 3051 9.
459 2997 499 3052 13.
518 2998 553 3051 32
571 3015 640 3053 corr.
658 2998 701 3054 36.
720 2999 761 3053 Sl.
780 2999 849 3052 Viet.
871 2998 922 3052 Gn.
940 2998 965 3053 3.
983 2998 1119 3052 vocabulo
1136 2999 1163 3053 in
1180 2999 1232 3052 lrac

181 3096 216 3133 re
235 3096 292 3132 non
308 3080 443 3152 legitim03
463 3083 620 3136 dicerentur
638 3083 719 3136 etiam
737 3083 898 3136 Sabinorum
915 3083 986 3140 inter
1002 3099 1033 3134 se
1050 3081 1125 3134 initia
1143 3085 1231 3138 matri·

182 3163 284 3218 monia.
320 3161 460 3235 Originem
477 3166 535 3234 vitii
555 3166 644 3237 aperit
667 3166 717 3237 Lg.
735 3166 794 3232 69,
824 3166 852 3220 in
877 3185 930 3237 quo
954 3176 995 3220 est
1019 3169 1158 3220 conuiuio
1182 3169 1231 3236 (ex

183 3250 315 3302 connata
339 3247 409 3301 laisa
427 3251 561 3319 scriptura
579 3259 682 3317 ortum,
708 3266 735 3305 v.
753 3250 913 3305 Schneiderl
936 3250 983 3305 Gr.
1003 3249 1063 3304 Lat.
1084 3249 1104 3304 l.
1126 3269 1152 3320 p.
1171 3250 1247 3317 362„

181 3332 304 3386 Frennd
329 3333 365 3386 ad
390 3333 445 3388 Gle.
469 3332 530 3389 lllll.
557 3352 582 3404 p.
602 3334 679 3403 39),
706 3345 857 3389 correctum
881 3338 1026 3406 centuplo.
1048 3364 1084 3376 -
1123 3333 1230 3406 Pellio]

186 3415 273 3470 Tullo
295 3426 375 3471 sueto
398 3419 467 3471 vitio
488 3416 537 3490 Lg.
560 3429 670 3488 praeter
690 3418 714 3473 2.
734 3420 758 3475 3.
780 3421 804 3473 4.
828 3419 867 3474 13.
886 3418 929 3472 65.
949 3418 990 3474 67.
1010 3419 1050 3474 73.
1072 3419 1130 3487 76,
1158 3419 1230 3474 Telo
1339 3488 1342 3499 Ι

184 3500 237 3554 Gu.
257 3501 282 3554 l.
322 3499 417 3554 Tullio
435 3511 546 3571 praeter
562 3503 624 3556 illos
642 3503 766 3557 distinete
790 3503 840 3558 Gn.
854 3492 879 3564 3,
897 3502 966 3562 Vict,
984 3532 1020 3547 -·
1055 3520 1126 3557 oum
1143 3505 1230 3577 elop]

183 3586 269 3656 vulgo
294 3601 366 3641 aum
389 3587 468 3656 quod
491 3586 563 3656 elop.
596 3590 717 3658 expunxi
746 3589 866 3645 inutilem
890 3604 987 3640 vocem
1009 3587 1156 3641 secundum
1178 3588 1228 3660 Lg.

184 3686 281 3723 omnes
305 3670 416 3739 praete'r
438 3669 479 3727 76.
500 3670 542 3724 81.
564 3670 606 3725 93.
635 3680 663 3724 et
685 3672 737 3730 Gn.
756 3672 781 3726 3.
817 3672 847 3725 ln
872 3671 923 3726 Gu.
945 3671 967 3727 l.
994 3679 1035 3724 est
1060 3689 1119 3725 non
1141 3675 1229 3743 quod,

182 3755 212 3807 in
233 3753 285 3808 Gn.
300 3752 324 3808 9.
344 3771 416 3807 num
433 3755 561 3825 quidem.
586 3752 685 3809 Addita
704 3758 754 3813 fult
771 3757 805 3809 ab
825 3756 976 3827 elegantiae
994 3756 1184 3824 captatoribus,
1195 3787 1229 3800 —

183 3837 326 3915 apparet]
345 3839 472 3911 adparet
493 3840 542 3911 Lg.
561 3839 603 3894 65.
621 3867 656 3880 ·-
692 3840 825 3910 tametsi]
842 3839 936 3893 surstuli
952 3839 1029 3908 signa
1046 3840 1229 3909 parenthesim

182 3923 329 3990 sequentia
351 3923 432 3976 etiam
453 3924 506 3977 seul
525 3925 662 3995 deinceps
681 3941 734 3978 non
752 3925 788 3976 ad
805 3932 917 3977 exactos
934 3939 1012 3991 reges
1031 3922 1081 3974 seul
1097 3922 1133 3975 ad
1150 3923 1229 3975 inter-

184 4007 304 4081 positam
333 4008 495 4071 senterutlam
520 4016 653 4079 spectant.
673 4035 708 4049 --
742 4004 887 4075 siclericus]
909 4006 1037 4060 uidimus
1064 4003 1112 4069 Lg.
1135 4005 1176 4057 17.
1195 4031 1230 4046 .-

185 4091 240 4148 sed
258 4091 411 4166 deinceps]
434 4097 479 4148 oie
499 4094 526 4148 d.
549 4092 600 4149 Gn.
617 4091 640 4146 l.
