2980 4602
413 319 472 386 us
500 318 729 418 cennens
757 319 882 390 nisse
901 322 926 392 1.
947 320 1000 392 ts.
1134 324 1224 398 usn

176 492 394 577 rationemque
416 492 556 578 cupimus
578 509 784 576 cognoscere.
824 491 898 558 206.
926 491 1100 572 0616161,
1127 494 1227 579 inquit

178 606 333 686 Crassus,
360 612 507 693 quonism
534 628 610 693 ego,
638 628 699 693 qno
726 608 854 674 facilius
873 628 932 676 vos
959 608 1041 697 apud
1066 629 1117 675 nne
1137 620 1225 697 tene·

175 746 259 803 rem,
285 736 410 791 vestrae
437 728 540 812 potius
569 725 737 791 obsecutus
764 745 832 791 suin
856 726 1025 804 uoluntati,
1052 745 1145 813 quan
1172 738 1224 795 snt

175 843 395 908 consuetudini
423 853 475 908 aut
500 853 632 920 neturee
659 861 763 919 meae,
789 845 922 928 petimus
949 843 989 908 ab
1012 841 1167 922 Antonio,
1191 856 1225 912 ut

55 1031 61 1038 ,
175 979 234 1036 ee,
261 980 341 1046 qnae
365 963 500 1026 eontinet
524 981 633 1045 neque·
648 959 749 1025 adhuc
770 959 910 1046 protulit,
938 979 977 1026 ox
998 959 1110 1046 quibus
1131 981 1225 1029 onon

175 1075 319 1142 libellum
348 1077 410 1143 sibi
437 1078 594 1144 excidisse
620 1082 683 1143 iam
710 1077 823 1142 dudum
849 1087 977 1162 questus
999 1086 1061 1157 ost,
1090 1079 1224 1167 explicet

174 1193 269 1261 uobis
295 1204 326 1259 et
347 1194 406 1259 ilia
428 1195 555 1261 dicendi
576 1198 727 1279 mysteria
748 1197 910 1261 enuntiett
952 1193 992 1260 Ut
1010 1196 1147 1275 uidetur,
1174 1200 1223 1264 in-

174 1311 242 1395 quit
258 1309 431 1398 Snlpieius.
465 1311 545 1377 Nem
561 1312 698 1378 Antonio
719 1312 840 1378 die‘ente
855 1315 950 1379 etiem
968 1313 1043 1400 qnid
1057 1324 1090 1380 tu
1103 1317 1223 1382 senties

109 1484 112 1493 ,,
173 1428 406 1512 intellegemus.
461 1430 533 1494 207.
567 1428 643 1496 Peto
676 1431 785 1512 igitur,
816 1431 915 1515 inquit
941 1429 1097 1510 Crassus,
1131 1443 1222 1511 ato,
1320 1442 1323 1445 ’

173 1549 325 1630 quoniam
352 1545 520 1623 innubis,
550 1545 680 1621 Antoni,
711 1544 888 1610 hominibus
915 1547 948 1611 id
976 1551 1089 1615 aetatis
1115 1554 1223 1617 oneris

172 1661 218 1727 ab
245 1661 357 1726 horum
390 1662 636 1726 adolescentium
667 1660 779 1726 studiis
807 1662 985 1747 imponitur,
1014 1674 1048 1729 nt
1073 1685 1222 1752 expones,

176 1778 253 1862 quid
275 1780 317 1843 iis
340 1779 378 1843 de
400 1778 511 1855 rebus,
534 1798 613 1863 quas
636 1757 656 1843 u
676 1788 707 1843 te
730 1780 965 1862 questiones,
987 1782 1116 1846 sentias.

176 1937 180 1942 -
261 1893 402 1961 XLVIIIL
435 1892 670 1982 Deprehensum
693 1873 835 1981 equidem
857 1916 917 1974 nne,
939 1899 1038 1983 inquit
1057 1898 1222 1980 Antonius,

175 2012 267 2099 plene
289 2013 381 2079 video
407 2017 511 2099 [atque
534 2015 664 2093 sentiol,
686 2033 750 2079 non
771 2013 977 2101 solum‘quod
999 2036 1039 2082 ee
1058 2020 1222 2103 requirnn-

175 2139 224 2195 tur
246 2150 265 2195 a
286 2152 345 2200 nne.
369 2151 499 2216 quornm
522 2150 590 2196 sum
611 2133 741 2214 ignarus
764 2141 855 2218 atque
877 2133 1033 2212 insolens,
1056 2135 1114 2201 sed
1135 2138 1219 2222 quie,

175 2248 256 2331 quod
274 2250 312 2312 in
334 2251 439 2313 causis
460 2247 555 2314 vaide
579 2247 687 2331 fugere
710 2248 813 2325 soleo,
835 2270 875 2315 ne
897 2249 969 2326 tibi,
993 2249 1125 2335 Crasse,
1148 2274 1221 2319 sno

127 2360 131 2362 ’
177 2363 303 2439 cedam,
332 2365 367 2428 id
392 2385 440 2429 me
466 2385 548 2431 nunc
570 2367 622 2429 isti
643 2367 829 2433 vitencnon
850 2369 963 2432 sinunt.
1006 2369 1079 2434 206.
1105 2368 1221 2435 Verum

179 2476 241 2559 hoo
271 2479 433 2562 ingrediar
455 2481 504 2546 ad.
519 2465 681 2567 easquee
701 2481 810 2560 unitis,
838 2483 1003 2561 audacius,
1029 2484 1113 2568 quod
1138 2485 1221 2551 idem

174 2712 224 2784 ng.
250 2715 293 2769 on.
318 2715 360 2770 eo.
386 2715 425 2770 no.
452 2716 494 2771 73.
518 2717 560 2771 sn.
585 2717 627 2775 su.
653 2717 696 2773 os.
729 2716 780 2771 cu.
807 2716 830 2772 1.
863 2716 941 2785 usque
961 2717 1003 2769 se
1020 2691 1169 2787 66666».
1183 2747 1220 2761 -

174 2797 319 2868 muntiet]
344 2816 443 2854 cnunc
467 2800 581 2872 Lg.·73.
599 2802 641 2856 93.
660 2802 747 2868 vien,
772 2803 849 2871 isque
865 2802 904 2853 sic
922 2802 1002 2854 sciet.
1018 2830 1056 2844 ·-
1082 2804 1155 2873 qnid
1173 2804 1219 2876 tet]
1332 2851 1334 2855 ,

173 2883 254 2952 quod
276 2890 307 2936 tu
332 2884 384 2955 Lg.
400 2884 441 2940 69.
464 2885 505 2940 70.
524 2884 557 2938 81
576 2904 646 2941 corr.
673 2917 708 2926 -
739 2891 866 2951 sentias,
887 2886 1100 2958 iutellcyemus]
1124 2906 1219 2944 omues

173 2967 254 3021 codd.
282 2977 310 3020 et
334 2968 395 3022 edd.
420 2970 560 3039 antiquiss.
596 2972 745 3041 intelltqas
770 2973 804 3040 (s.
829 2970 999 3042 iutelleqas,
1025 2981 1056 3026 ut
1077 2971 1127 3044 Lg.
1151 2973 1219 3043 26),

174 3055 343 3107 sentiemus.
380 3053 503 3107 Alterum
521 3063 563 3108 est
580 3073 615 3108 ex
632 3054 751 3109 Menutii
763 3057 935 3123 coniectore,
954 3073 1035 3125 quom
1050 3059 1220 3113 recentiores
1237 3088 1242 3091 ·

172 3143 236 3206 post
253 3135 319 3190 Eun.
342 3137 426 3190 secuti
446 3147 516 3192 sunt.
1142 3142 1151 3159 ‘

244 3220 320 3275 207.
358 3225 455 3290 inquii
475 3222 612 3292 Crassus]
639 3226 694 3278 inv.
719 3223 769 3295 Lg.
791 3227 816 3279 3.
840 3224 864 3278 5.
882 3225 907 3279 6.
929 3225 979 3283 16..
988 3226 1029 3279 21.
1049 3225 1091 3279 23.
1106 3228 1152 3287 Ι21.
1173 3228 1216 3281 35.

157 3302 214 3358 65.
233 3305 276 3359 67.
291 3305 331 3360 70.
343 3307 387 3377 73.
404 3307 446 3360 76.
466 3306 508 3361 61.
528 3307 570 3361 so.
585 3337 621 3347 —-
639 3307 750 3378 onem]
770 3316 830 3378 post
843 3308 880 3361 td
897 3307 980 3362 nobis
997 3311 1088 3378 posuit
1104 3308 1168 3363 sch.
1181 3338 1217 3351 -

135 3376 143 3390 ⁸
172 3382 419 3461 adolescentium]
443 3391 570 3445 adulese.
594 3391 644 3463 Lg.
668 3393 693 3446 5.
716 3394 759 3446 65.
778 3392 818 3446 70.
838 3395 881 3448 73.
899 3424 936 3434 ...
969 3392 1145 3465 imponitur]
1171 3399 1216 3448 tu-

166 3476 296 3545 ponttur
312 3472 362 3544 ng.
379 3477 423 3529 67.
441 3505 475 3515 --
501 3477 647 3548 exponas]
665 3476 807 3531 auditote
823 3476 873 3549 Lg.
887 3478 917 3531 3.
936 3478 980 3532 67.
1010 3477 1058 3531 his
1073 3478 1123 3550 ng.
1143 3478 1168 3534 5.
1184 3480 1214 3535 6.

172 3557 213 3610 11.
232 3557 273 3610 15.
292 3560 332 3614 16.
351 3561 393 3614 23.
412 3560 455 3614 21.
474 3561 517 3614 35.
537 3561 579 3617 65.
600 3561 641 3615 70.
659 3562 701 3616 73.
721 3564 764 3617 76.
781 3562 823 3617 61.
840 3562 960 3615 vien-
981 3562 1072 3627 cedes,
1090 3563 1217 3634 sentias}
1281 3558 1286 3565 ’

170 3640 226 3696 inv.
247 3642 299 3696 Gn.
321 3644 344 3697 1.
381 3688 385 3696 .
440 3683 443 3688 -

258 3725 383 3782 ΧΙΝΙΙΙ.
420 3728 556 3797 equidem
572 3727 633 3798 nce]
657 3728 712 3783 inv.
733 3729 783 3801 ng.
803 3731 844 3785 20.
864 3729 1100 3786 8161116760.
1120 3732 1162 3786 06.
1179 3760 1216 3773 -

171 3809 274 3880 atque]
301 3828 338 3865 ae
357 3811 406 3882 Lg.
426 3811 468 3866 20.
505 3813 599 3866 Verba
616 3820 704 3883 acquae
723 3820 817 3868 sentio
834 3816 939 3869 uncinis
957 3816 1055 3880 cleusi3
1081 3832 1109 3871 v.
1126 3816 1162 3870 cd
1179 3815 1213 3870 11.

169 3894 214 3959 31,
231 3896 290 3948 111.
308 3923 344 3937 —-
361 3913 409 3948 mc
424 3896 515 3966 nune]
532 3897 587 3951 inv.
608 3896 658 3968 Lg.
673 3896 698 3952 3.
714 3900 739 3953 5.
754 3899 794 3954 16.
813 3901 855 3959 20.
873 3900 915 3955 21.
929 3901 974 3955 23.
990 3899 1033 3954 21.
1051 3900 1094 3956 35.
1114 3901 1156 3954 65.
1170 3901 1214 3955 67.
1253 3932 1258 3952 t

169 3978 211 4032 70.
231 3980 274 4035 73.
293 3980 335 4034 76.
353 3979 395 4034 81.
423 3980 475 4033 Gn.
496 3981 518 4034 l.
537 3998 605 4034 om.
625 3999 673 4034 me
690 3982 742 4036 Gn.
760 3984 785 4038 3.

224 4062 228 4066 '
256 4063 316 4118 208.
353 4062 408 4118 ltoc
425 4064 594 4135 inoredtar]
619 4083 672 4137 eqo
689 4071 765 4136 tuor.
788 4066 840 4136 Ing.
860 4066 901 4118 11.
921 4065 961 4117 15.
979 4065 1012 4116 61
1030 4082 1102 4125 cort.
1118 4065 1160 4117 06.
1178 4093 1215 4107 ·-

171 4146 371 4219 exspectetur]
397 4148 510 4203 subest
529 4166 546 4201 u
563 4147 614 4220 Lg.
633 4158 746 4220 praeter
761 4149 787 4203 3.
802 4150 827 4205 6.
864 4151 1019 4218 espesecor
1038 4145 1073 4197 70
1090 4160 1161 4195 curr-
1184 4153 1216 4195 Μ
