2958 4584
269 294 444 420 m‘f'
580 337 584 343 ·
649 326 908 399 cronnonrs
974 331 976 336 ·

195 568 202 587 s
268 504 367 593 onim,
392 503 423 567 si
449 501 498 567 en
523 501 666 579 iaossius,
694 521 733 568 eo
759 502 801 567 cio
824 499 956 567 numero
982 518 1105 586 quoque
1132 496 1184 565 est*
1206 501 1315 568 excer-

267 621 410 709 pondum.
448 617 533 698 Quia
546 620 631 698 nolo,
648 621 755 706 iuquit,
778 621 893 697 omnia,
916 638 997 705 quae
1014 617 1128 684 cadunt
1144 617 1330 712 aliquando¹

152 729 158 751 ¹
268 738 495 815 moratorem,
518 740 660 823 quamvis
683 730 799 822 exigua
820 739 896 814 sint,
919 755 960 802 ca
981 738 1028 801 sic
1049 745 1201 813 tractare,
1226 739 1319 823 quasi

186 868 188 875 '
244 848 347 931 initii
371 857 473 943 possit
497 855 560 921 dici
588 857 657 922 sine
678 856 854 941 praeceptis
877 849 959 919 suis(
995 852 1048 921 48.
1075 851 1156 918 Nam
1179 864 1210 919 et
1230 857 1318 920 testi-

268 976 406 1041 monium
427 992 523 1059 saepe
546 973 710 1039 dicendum
733 982 800 1049 est,
824 990 862 1038 ac
883 990 947 1038 non
967 991 1124 1056 nunquam
1146 974 1241 1037 etiam
1264 993 1317 1039 ao

268 1093 422 1166 amarius,
447 1101 482 1156 ut
503 1090 578 1155 mihi
600 1108 733 1155 necesse
755 1089 813 1155 suit
839 1090 872 1153 iu
894 1086 968 1154 Sex.
991 1086 1109 1154 Titium
1132 1090 1316 1157 seditiosum

270 1213 371 1280 civem
393 1218 423 1276 ct
439 1207 666 1284 turbulentum
688 1206 845 1301 explicavi
865 1209 900 1271 iu
922 1228 960 1273 eo
982 1200 1317 1273 testimonio-dicendo

229 1318 235 1325 ’
270 1325 534 1409 omuia‚oonsiiia
555 1301 738 1405 consulatus
760 1327 836 1401 mei,
865 1323 978 1409 quibus
1000 1323 1048 1389 iili
1070 1324 1318 1412 tribunoplebis

270 1463 327 1531 pro
359 1462 394 1509 rc
420 1441 548 1528 publica
574 1443 775 1518 restitissem,
807 1448 949 1527 quaeque
983 1440 1022 1505 ab
1050 1460 1088 1507 eo
1115 1452 1224 1507 contra
1250 1463 1318 1508 rem

269 1556 428 1647 publicam
458 1559 545 1625 iacta
576 1558 747 1624 arbitrarer
780 1559 919 1645 exposui.
976 1555 1039 1622 Diu
1068 1568 1204 1624 retentus
1237 1580 1315 1638 sum,

270 1663 368 1747 uuita
394 1677 515 1754 audivi,
542 1675 640 1741 multa
664 1675 822 1769 respondi.
875 1671 957 1739 Num
982 1676 1077 1758 igitur
1101 1676 1219 1762 placet,
1248 1698 1317 1745 cum

270 1796 311 1860 dc
339 1794 521 1881 eloquentia
551 1794 749 1880 praecipias,
783 1791 902 1878 aliquid
934 1793 1028 1857 etiam
1060 1793 1098 1859 de
1129 1796 1316 1861 testimoniis

270 1912 412 1982 dicendis
441 1913 532 1998 quasi
555 1913 592 1976 iu
615 1921 681 1976 arte
707 1909 858 1976 traderet
902 1906 988 1975 Nihil
1012 1931 1106 1989 saue,
1133 1914 1233 1998 inquit
1254 1910 1316 1979 Ca-

269 2029 367 2105 tutuo,
391 2046 524 2095 necesse
547 2038 604 2094 est.
1256 2018 1263 2029 '
1360 2114 1363 2119 Ι

215 2137 222 2233 Ἀ
354 2142 426 2210 xil.
447 2144 500 2211 49.
522 2145 628 2224 Quint
651 2147 693 2220 si,
717 2144 800 2229 quod
822 2164 918 2231 saepe
941 2148 1068 2211 summis
1090 2147 1168 2212 viris
1191 2147 1314 2224 accidit,

270 2263 419 2330 mandata
441 2265 502 2329 sint
523 2246 708 2350 euponenda
729 2272 782 2327 aut
803 2262 837 2327 in
858 2271 969 2328 senatu
991 2263 1031 2329 ab
1055 2266 1239 2352 imperatore
1264 2275 1315 2331 aru

271 2380 313 2447 ad
333 2383 551 2467 imperatorem
578 2392 631 2446 aut
657 2380 698 2445 ad
722 2399 831 2464 regem
858 2390 911 2445 aut
939 2380 980 2445 ad
1006 2382 1152 2468 populum
1179 2382 1314 2469 aliquem
1335 2413 1339 2416 ·
1376 2368 1394 2443 Ϊ

271 2516 292 2564 a
318 2508 448 2564 senatu:
479 2519 570 2577 uum,
603 2499 678 2584 quia
707 2516 824 2581 genere
858 2499 1010 2564 orationis
1043 2501 1076 2564 in
1108 2499 1199 2566 huius
1231 2501 1314 2568 modi

170 2742 174 2767 '
270 2747 321 2820 ing.
345 2749 387 2804 68.
412 2749 448 2803 86
464 2766 535 2804 corr.
560 2766 612 2804 um.
632 2749 673 2811 17.
697 2780 732 2788 -
760 2749 907 2819 quamuis]
932 2758 1074 2818 quautam
1096 2748 1146 2820 Lg„
1169 2750 1195 2805 6.
1217 2750 1260 2806 rt.
1282 2782 1313 2792 -

271 2835 392 2904 ewipua]
413 2837 526 2887 eximia
543 2832 595 2904 Lg.
613 2834 654 2888 76.
683 2838 803 2906 eprepia
820 2834 882 2888 Aio.
900 2832 978 2889 Man.
998 2833 1032 2887 ai.

358 2933 401 2987 48.
437 2940 467 2987 et
485 2937 700 3003 testimonium]
719 2934 783 2991 Sch.
803 2954 838 2989 ex
856 2935 926 2989 coni.
959 2935 1121 3006 Heusingeri
1138 2939 1248 2989 etiam}
1265 2936 1315 2990 seul
1432 2966 1438 2975 ·

270 3016 374 3083 oratio,
392 3034 472 3086 quam
490 3019 604 3072 aiterum
622 3026 651 3073 et
670 3027 848 3091 excepturum
866 3029 941 3085 erat,
959 3019 1047 3072 multis
1063 3020 1231 3090 interpositis
1250 3019 1315 3076 ἄνα·
1333 3026 1338 3030 “

270 3096 405 3162 uelocior
418 3100 491 3157 iacta
501 3104 644 3158 resumitur
662 3105 687 3171 §.
699 3105 740 3159 48.
758 3133 792 3147 —
812 3121 871 3158 nort
884 3106 1045 3174 artoptam]
1062 3105 1103 3157 sic
1116 3105 1194 3162 could.
1210 3106 1314 3177 optinui,

268 3186 320 3257 Lg.
334 3185 358 3240 2
372 3188 396 3238 4
410 3182 473 3241 56.
491 3187 531 3241 13.
549 3187 592 3243 36.
608 3189 649 3243 76.
667 3190 748 3255 vict,
766 3190 848 3242 morlo
868 3188 942 3259 quoti
959 3206 1019 3242 con
1035 3206 1166 3259 umqum
1183 3190 1312 3245 nounniii.

269 3287 421 3341 numquam
437 3269 480 3326 84.
498 3300 533 3311 -
557 3279 591 3325 att
608 3272 700 3342 milei]
723 3274 831 3327 additur
849 3278 942 3327 etiam
960 3274 987 3326 iu
1010 3273 1061 3344 Lg.
1080 3273 1105 3327 2.
1125 3273 1149 3328 3.
1169 3275 1193 3327 4.
1212 3273 1249 3328 13.
1269 3273 1313 3329 36.

267 3355 311 3410 67.
328 3355 371 3410 84.
395 3354 447 3409 Gn.
465 3355 491 3410 3.
510 3386 542 3396 -
575 3357 760 3427 seditiosum]
785 3358 839 3411 scd
855 3357 907 3431 illo
925 3358 1012 3413 sedit.
1031 3358 1083 3412 Gu.
1102 3358 1126 3412 3.
1158 3358 1211 3412 red
1229 3358 1312 3413 tttom

268 3439 495 3494 3443417144-
527 3444 708 3510 testimonio]
729 3446 932 3496 testimonium
949 3442 999 3514 ng.
1018 3442 1042 3496 2.
1062 3440 1087 3497 3.
1105 3444 1129 3498 5.
1151 3443 1191 3497 13.
1212 3443 1251 3497 14.
1273 3442 1313 3503 15.
1361 3485 1369 3495 .
1464 3488 1465 3505 ,

267 3523 310 3579 20.
327 3524 369 3578 23.
395 3522 437 3578 31.
455 3522 496 3577 35.
515 3523 558 3599 36.
579 3523 621 3580 65.
640 3524 683 3579 67.
702 3524 742 3580 76.
761 3525 803 3580 81.
824 3526 867 3580 84.
886 3557 922 3567 -
950 3526 1088 3594 consilia]
1113 3544 1165 3599 orn.
1191 3527 1261 3583 Vict.
1280 3559 1314 3568 -

267 3608 458 3675 restitissem]
470 3610 675 3688 prestitiruem
695 3608 747 3665 Gn.
767 3610 789 3666 1.
808 3611 881 3668 vict.

352 3722 414 3780 1111.
449 3725 492 3781 49.
528 3717 653 3781 remmia
670 3728 754 3794 uiris]
771 3732 848 3782 ciris
866 3746 918 3784 om.
937 3729 988 3800 Lg.
1000 3730 1026 3784 2.
1043 3732 1068 3783 4.
1085 3728 1123 3783 13.
1143 3728 1253 3785 31444.
1270 3729 1312 3785 36.

267 3808 320 3863 Gn.
338 3808 364 3863 3.
384 3813 429 3850 -”
442 3810 601 3886 mundata]
625 3818 655 3864 et
670 3812 819 3867 mandata
836 3812 887 3884 [ις.
900 3814 932 3869 a.
949 3813 992 3869 67.
1010 3813 1053 3869 84.
1070 3813 1110 3866 itu
1127 3828 1199 3868 corr.
1217 3810 1259 3868 ai.
1280 3834 1312 3854 ³-
1356 3810 1379 3819 ”
1462 3832 1463 3839 ’

267 3890 354 3945 hides
377 3893 477 3961 modi]
504 3893 653 3949 accomodo
674 3895 725 3967 bg.
743 3897 769 3951 3.
792 3896 833 3951 31.
857 3897 899 3952 36.
922 3898 965 3953 84.
987 3929 1018 3940 -
1049 3915 1121 3952 aum
1143 3897 1225 3967 puta]
1252 3913 1314 3952 autc

266 3978 337 4043 prtia
355 3974 406 4031 Gn.
425 3976 448 4032 1.
483 3992 557 4029 man
575 3980 647 4046 putri
669 3978 720 4035 Gn.
738 3980 764 4034 3.
783 3980 817 4034 cf.
834 3981 870 4034 ad
888 3981 909 4038 1.
929 3980 979 4048 58,
996 3983 1056 4038 rte.
1076 4011 1107 4023 -
1136 3998 1175 4034 eu
1192 3984 1312 4050 ceteris]

266 4062 296 4109 et
313 4074 337 4111 c.
357 4056 407 4128 lug.
424 4058 450 4113 6.
483 4065 513 4112 et
530 4076 568 4113 etc
590 4060 629 4115 17.
648 4062 690 4117 35.
708 4063 750 4119 68.
769 4063 811 4117 81.
831 4095 862 4104 -
888 4068 1080 4138 comparate]
1104 4065 1312 4136 comparanda

264 4139 318 4195 Gn.
329 4140 354 4196 3.
382 4141 475 4197 Verba
486 4159 525 4196 ecc
538 4148 645 4199 ceteris
655 4146 742 4202 rebus
762 4163 815 4202 our.
826 4145 913 4217 Lgfi.
926 4153 951 4205 4.
965 4150 1006 4206 13.
1021 4151 1056 4204 rt
1065 4150 1129 4206 edd.
1146 4147 1252 4207 38444.
1266 4151 1310 4209 36.
