<?xml version="1.0" encoding="UTF-8"?>
<!DOCTYPE html PUBLIC "-//W3C//DTD XHTML 1.0 Transitional//EN"
    "http://www.w3.org/TR/xhtml1/DTD/xhtml1-transitional.dtd">
<html xmlns="http://www.w3.org/1999/xhtml" xml:lang="en" lang="en">
 <head>
  <title>
</title>
<meta http-equiv="Content-Type" content="text/html;charset=utf-8" />
  <meta name='ocr-system' content='tesseract 3.04.00' />
  <meta name='ocr-capabilities' content='ocr_page ocr_carea ocr_par ocr_line ocrx_word'/>
</head>
<body>
  <div class='ocr_page' id='page_1' title='image "./mtulliciceronis00ellegoog/mtulliciceronis00ellegoog_0345.png"; bbox 0 0 2938 4590; ppageno 0'>
   <div class='ocr_carea' id='block_1_1' title="bbox 219 234 1042 328">
    <p class='ocr_par' dir='ltr' id='par_1_1' title="bbox 219 234 1042 328">
     <span class='ocr_line' id='line_1_1' title="bbox 219 234 1042 328; baseline -0.016 0"><span class='ocrx_word' id='word_1_1' title='bbox 219 254 324 328; x_wconf 66' lang='lat' dir='ltr'>‘m</span> <span class='ocrx_word' id='word_1_2' title='bbox 630 234 885 319; x_wconf 78' lang='lat' dir='ltr'>CICERONIS</span> <span class='ocrx_word' id='word_1_3' title='bbox 933 287 936 294; x_wconf 75' lang='grc'><em>·</em></span> <span class='ocrx_word' id='word_1_4' title='bbox 1001 278 1042 295; x_wconf 44' lang='grc'>-“</span> 
     </span>
    </p>
   </div>
   <div class='ocr_carea' id='block_1_2' title="bbox 153 410 1327 2030">
    <p class='ocr_par' dir='ltr' id='par_1_2' title="bbox 153 410 1327 2030">
     <span class='ocr_line' id='line_1_2' title="bbox 223 410 1280 508; baseline -0.005 -20"><span class='ocrx_word' id='word_1_5' title='bbox 223 414 309 508; x_wconf 77' lang='lat' dir='ltr'>ego,</span> <span class='ocrx_word' id='word_1_6' title='bbox 332 410 459 497; x_wconf 70' lang='lat' dir='ltr'>(inisse,</span> <span class='ocrx_word' id='word_1_7' title='bbox 482 439 552 486; x_wconf 86' lang='lat' dir='ltr'>cunr</span> <span class='ocrx_word' id='word_1_8' title='bbox 573 430 638 486; x_wconf 82' lang='lat' dir='ltr'>ete</span> <span class='ocrx_word' id='word_1_9' title='bbox 655 428 827 488; x_wconf 76' lang='lat' dir='ltr'>tractamur</span> <span class='ocrx_word' id='word_1_10' title='bbox 846 415 1013 495; x_wconf 80' lang='lat' dir='ltr'>incensis,</span> <span class='ocrx_word' id='word_1_11' title='bbox 1034 414 1164 484; x_wconf 85' lang='lat' dir='ltr'>horrere</span> <span class='ocrx_word' id='word_1_12' title='bbox 1180 417 1280 485; x_wconf 84' lang='lat' dir='ltr'>soleo.</span> 
     </span>
     <span class='ocr_line' id='line_1_3' title="bbox 237 533 1282 632; baseline -0.004 -28"><span class='ocrx_word' id='word_1_13' title='bbox 237 537 344 605; x_wconf 83' lang='lat' dir='ltr'>Tanta</span> <span class='ocrx_word' id='word_1_14' title='bbox 357 540 406 605; x_wconf 88' lang='lat' dir='ltr'>vis</span> <span class='ocrx_word' id='word_1_15' title='bbox 424 540 535 615; x_wconf 81' lang='lat' dir='ltr'>animi,</span> <span class='ocrx_word' id='word_1_16' title='bbox 555 546 659 605; x_wconf 79' lang='lat' dir='ltr'>tantus</span> <span class='ocrx_word' id='word_1_17' title='bbox 679 538 822 632; x_wconf 87' lang='lat' dir='ltr'>impetus,</span> <span class='ocrx_word' id='word_1_18' title='bbox 843 543 946 600; x_wconf 84' lang='lat' dir='ltr'>tantus</span> <span class='ocrx_word' id='word_1_19' title='bbox 968 534 1059 601; x_wconf 88' lang='lat' dir='ltr'>dolor</span> <span class='ocrx_word' id='word_1_20' title='bbox 1080 533 1182 601; x_wconf 88' lang='lat' dir='ltr'>ocnlis</span> <span class='ocrx_word' id='word_1_21' title='bbox 1196 535 1282 601; x_wconf 80' lang='grc' dir='ltr'>ιιιι1ιιι</span> 
     </span>
     <span class='ocr_line' id='line_1_4' title="bbox 233 649 1283 740; baseline -0.005 -18"><span class='ocrx_word' id='word_1_22' title='bbox 233 650 344 740; x_wconf 69' lang='lat' dir='ltr'>‘gestm</span> <span class='ocrx_word' id='word_1_23' title='bbox 376 655 474 740; x_wconf 79' lang='lat' dir='ltr'><strong>digito</strong></span> <span class='ocrx_word' id='word_1_24' title='bbox 501 654 634 740; x_wconf 81' lang='lat' dir='ltr'>deniqne</span> <span class='ocrx_word' id='word_1_25' title='bbox 661 655 723 722; x_wconf 90' lang='lat' dir='ltr'>isto</span> <span class='ocrx_word' id='word_1_26' title='bbox 749 662 802 718; x_wconf 86' lang='lat' dir='ltr'>tuo</span> <span class='ocrx_word' id='word_1_27' title='bbox 835 649 1007 736; x_wconf 75' lang='lat' dir='ltr'>significari</span> <span class='ocrx_word' id='word_1_28' title='bbox 1033 650 1131 727; x_wconf 86' lang='lat' dir='ltr'>solet,</span> <span class='ocrx_word' id='word_1_29' title='bbox 1164 661 1283 717; x_wconf 79' lang='lat' dir='ltr'>tanturn</span> 
     </span>
     <span class='ocr_line' id='line_1_5' title="bbox 186 758 1284 856; baseline -0.003 -18"><span class='ocrx_word' id='word_1_30' title='bbox 186 774 191 783; x_wconf 86' lang='lat'>&#39;</span> <span class='ocrx_word' id='word_1_31' title='bbox 238 782 288 840; x_wconf 87' lang='lat' dir='ltr'>est</span> <span class='ocrx_word' id='word_1_32' title='bbox 312 758 426 840; x_wconf 82' lang='lat' dir='ltr'>flumen</span> <span class='ocrx_word' id='word_1_33' title='bbox 450 772 709 856; x_wconf 79' lang='lat' dir='ltr'>gravissimorum</span> <span class='ocrx_word' id='word_1_34' title='bbox 736 770 979 855; x_wconf 80' lang='lat' dir='ltr'>optimorumque</span> <span class='ocrx_word' id='word_1_35' title='bbox 1006 767 1187 845; x_wconf 86' lang='lat' dir='ltr'>verborum,</span> <span class='ocrx_word' id='word_1_36' title='bbox 1219 778 1284 835; x_wconf 83' lang='lat' dir='ltr'>tam</span> 
     </span>
     <span class='ocr_line' id='line_1_6' title="bbox 238 885 1285 973; baseline -0.004 -19"><span class='ocrx_word' id='word_1_37' title='bbox 238 889 380 973; x_wconf 77' lang='lat' dir='ltr'>integrae</span> <span class='ocrx_word' id='word_1_38' title='bbox 402 889 585 965; x_wconf 83' lang='lat' dir='ltr'>sententiae,</span> <span class='ocrx_word' id='word_1_39' title='bbox 607 897 670 953; x_wconf 86' lang='lat' dir='ltr'>tam</span> <span class='ocrx_word' id='word_1_40' title='bbox 690 904 797 964; x_wconf 79' lang='lat' dir='ltr'>verae,</span> <span class='ocrx_word' id='word_1_41' title='bbox 817 894 883 950; x_wconf 88' lang='lat' dir='ltr'>tam</span> <span class='ocrx_word' id='word_1_42' title='bbox 905 904 1018 962; x_wconf 84' lang='lat' dir='ltr'>novae,</span> <span class='ocrx_word' id='word_1_43' title='bbox 1038 894 1103 951; x_wconf 80' lang='lat' dir='ltr'>tem</span> <span class='ocrx_word' id='word_1_44' title='bbox 1124 885 1192 951; x_wconf 88' lang='lat' dir='ltr'>sine</span> <span class='ocrx_word' id='word_1_45' title='bbox 1214 888 1285 972; x_wconf 79' lang='lat' dir='ltr'>pig-</span> 
     </span>
     <span class='ocr_line' id='line_1_7' title="bbox 221 1000 1282 1091; baseline -0.003 -20"><span class='ocrx_word' id='word_1_46' title='bbox 221 1006 350 1071; x_wconf 85' lang='lat' dir='ltr'>mentis</span> <span class='ocrx_word' id='word_1_47' title='bbox 375 1005 508 1090; x_wconf 82' lang='lat' dir='ltr'>fucoque</span> <span class='ocrx_word' id='word_1_48' title='bbox 523 1004 662 1091; x_wconf 80' lang='lat' dir='ltr'>puerili,</span> <span class='ocrx_word' id='word_1_49' title='bbox 687 1012 721 1070; x_wconf 91' lang='lat' dir='ltr'>nt</span> <span class='ocrx_word' id='word_1_50' title='bbox 746 1001 822 1069; x_wconf 89' lang='lat' dir='ltr'>mihi</span> <span class='ocrx_word' id='word_1_51' title='bbox 847 1021 911 1068; x_wconf 89' lang='lat' dir='ltr'>non</span> <span class='ocrx_word' id='word_1_52' title='bbox 932 1000 1033 1067; x_wconf 88' lang='lat' dir='ltr'>solum</span> <span class='ocrx_word' id='word_1_53' title='bbox 1059 1011 1092 1067; x_wconf 88' lang='lat' dir='ltr'>tu</span> <span class='ocrx_word' id='word_1_54' title='bbox 1113 1003 1282 1068; x_wconf 80' lang='lat' dir='ltr'>incendere</span> 
     </span>
     <span class='ocr_line' id='line_1_8' title="bbox 223 1114 1327 1215; baseline -0.002 -28"><span class='ocrx_word' id='word_1_55' title='bbox 223 1120 393 1199; x_wconf 85' lang='lat' dir='ltr'>indicem,</span> <span class='ocrx_word' id='word_1_56' title='bbox 424 1121 482 1189; x_wconf 81' lang='lat' dir='ltr'>soti</span> <span class='ocrx_word' id='word_1_57' title='bbox 513 1124 580 1208; x_wconf 91' lang='lat' dir='ltr'>ipse</span> <span class='ocrx_word' id='word_1_58' title='bbox 613 1119 739 1187; x_wconf 90' lang='lat' dir='ltr'>incendi</span> <span class='ocrx_word' id='word_1_59' title='bbox 768 1118 918 1186; x_wconf 81' lang='lat' dir='ltr'>ridearis.</span> <span class='ocrx_word' id='word_1_60' title='bbox 977 1118 1049 1184; x_wconf 71' lang='lat'>159.</span> <span class='ocrx_word' id='word_1_61' title='bbox 1080 1114 1189 1215; x_wconf 81' lang='lat' dir='ltr'>Neque</span> <span class='ocrx_word' id='word_1_62' title='bbox 1216 1118 1284 1185; x_wconf 84' lang='lat' dir='ltr'>fieri</span> <span class='ocrx_word' id='word_1_63' title='bbox 1314 1179 1327 1198; x_wconf 82' lang='grc'><strong>,</strong></span> 
     </span>
     <span class='ocr_line' id='line_1_9' title="bbox 238 1235 1286 1325; baseline -0.001 -21"><span class='ocrx_word' id='word_1_64' title='bbox 238 1247 354 1325; x_wconf 88' lang='lat' dir='ltr'>potest,</span> <span class='ocrx_word' id='word_1_65' title='bbox 380 1248 412 1303; x_wconf 88' lang='lat' dir='ltr'>ut</span> <span class='ocrx_word' id='word_1_66' title='bbox 434 1237 540 1304; x_wconf 83' lang='lat' dir='ltr'>doleat</span> <span class='ocrx_word' id='word_1_67' title='bbox 561 1238 604 1315; x_wconf 90' lang='lat' dir='ltr'>is,</span> <span class='ocrx_word' id='word_1_68' title='bbox 626 1239 680 1324; x_wconf 85' lang='lat' dir='ltr'>qui</span> <span class='ocrx_word' id='word_1_69' title='bbox 701 1236 801 1314; x_wconf 82' lang='lat' dir='ltr'>cudit,</span> <span class='ocrx_word' id='word_1_70' title='bbox 823 1245 856 1301; x_wconf 86' lang='lat' dir='ltr'>nt</span> <span class='ocrx_word' id='word_1_71' title='bbox 878 1235 993 1311; x_wconf 87' lang='lat' dir='ltr'>oderit,</span> <span class='ocrx_word' id='word_1_72' title='bbox 1018 1245 1052 1301; x_wconf 87' lang='lat' dir='ltr'>nt</span> <span class='ocrx_word' id='word_1_73' title='bbox 1073 1235 1226 1314; x_wconf 83' lang='lat' dir='ltr'>invideat,</span> <span class='ocrx_word' id='word_1_74' title='bbox 1252 1247 1286 1303; x_wconf 85' lang='lat' dir='ltr'>nt</span> 
     </span>
     <span class='ocr_line' id='line_1_10' title="bbox 237 1352 1284 1441; baseline 0 -21"><span class='ocrx_word' id='word_1_75' title='bbox 237 1356 436 1441; x_wconf 81' lang='lat' dir='ltr'>pertimescet</span> <span class='ocrx_word' id='word_1_76' title='bbox 462 1353 596 1440; x_wconf 82' lang='lat' dir='ltr'>aliquid,</span> <span class='ocrx_word' id='word_1_77' title='bbox 613 1360 660 1420; x_wconf 78' lang='lat' dir='ltr'>¹ut</span> <span class='ocrx_word' id='word_1_78' title='bbox 691 1352 732 1419; x_wconf 84' lang='lat' dir='ltr'>ad</span> <span class='ocrx_word' id='word_1_79' title='bbox 757 1352 861 1418; x_wconf 85' lang='lat' dir='ltr'>iictnm</span> <span class='ocrx_word' id='word_1_80' title='bbox 886 1352 1197 1439; x_wconf 80' lang='lat' dir='ltr'>misericordiamque</span> <span class='ocrx_word' id='word_1_81' title='bbox 1228 1353 1284 1420; x_wconf 84' lang='lat' dir='ltr'>do-</span> 
     </span>
     <span class='ocr_line' id='line_1_11' title="bbox 153 1467 1284 1564; baseline -0.002 -27"><span class='ocrx_word' id='word_1_82' title='bbox 153 1467 157 1472; x_wconf 68' lang='grc'><strong><em>’</em></strong></span> <span class='ocrx_word' id='word_1_83' title='bbox 241 1470 385 1548; x_wconf 80' lang='lat' dir='ltr'>ducatur,</span> <span class='ocrx_word' id='word_1_84' title='bbox 418 1471 482 1564; x_wconf 86' lang='lat' dir='ltr'>nisi</span> <span class='ocrx_word' id='word_1_85' title='bbox 512 1470 624 1536; x_wconf 87' lang='lat' dir='ltr'>omnes</span> <span class='ocrx_word' id='word_1_86' title='bbox 652 1470 701 1535; x_wconf 94' lang='lat' dir='ltr'>illi</span> <span class='ocrx_word' id='word_1_87' title='bbox 732 1480 851 1548; x_wconf 86' lang='lat' dir='ltr'>motus,</span> <span class='ocrx_word' id='word_1_88' title='bbox 883 1488 962 1555; x_wconf 78' lang='lat' dir='ltr'>qnos</span> <span class='ocrx_word' id='word_1_89' title='bbox 995 1479 1102 1539; x_wconf 82' lang='lat' dir='ltr'>orator</span> <span class='ocrx_word' id='word_1_90' title='bbox 1133 1468 1284 1539; x_wconf 84' lang='lat' dir='ltr'>adhibere</span> 
     </span>
     <span class='ocr_line' id='line_1_12' title="bbox 240 1565 1288 1674; baseline 0.001 -21"><span class='ocrx_word' id='word_1_91' title='bbox 240 1565 326 1654; x_wconf 71' lang='lat' dir='ltr'>nolet</span> <span class='ocrx_word' id='word_1_92' title='bbox 352 1581 462 1665; x_wconf 87' lang='lat' dir='ltr'>indici,</span> <span class='ocrx_word' id='word_1_93' title='bbox 477 1588 524 1671; x_wconf 14' lang='lat' dir='ltr'>*in</span> <span class='ocrx_word' id='word_1_94' title='bbox 550 1588 773 1674; x_wconf 82' lang='lat' dir='ltr'>ipsoortttore</span> <span class='ocrx_word' id='word_1_95' title='bbox 800 1588 947 1673; x_wconf 89' lang='lat' dir='ltr'>impressi</span> <span class='ocrx_word' id='word_1_96' title='bbox 973 1606 1045 1652; x_wconf 87' lang='lat' dir='ltr'>esse</span> <span class='ocrx_word' id='word_1_97' title='bbox 1073 1596 1165 1673; x_wconf 80' lang='lat' dir='ltr'>etque</span> <span class='ocrx_word' id='word_1_98' title='bbox 1192 1589 1288 1654; x_wconf 85' lang='lat' dir='ltr'>inusti</span> 
     </span>
     <span class='ocr_line' id='line_1_13' title="bbox 240 1678 1288 1793; baseline -0.001 -23"><span class='ocrx_word' id='word_1_99' title='bbox 240 1703 434 1770; x_wconf 83' lang='lat' dir='ltr'>videbuntur.</span> <span class='ocrx_word' id='word_1_100' title='bbox 492 1702 583 1783; x_wconf 85' lang='lat' dir='ltr'>Quod</span> <span class='ocrx_word' id='word_1_101' title='bbox 615 1705 644 1770; x_wconf 91' lang='lat' dir='ltr'>si</span> <span class='ocrx_word' id='word_1_102' title='bbox 675 1703 764 1770; x_wconf 83' lang='lat' dir='ltr'>fictus</span> <span class='ocrx_word' id='word_1_103' title='bbox 790 1678 915 1789; x_wconf 76' lang='lat' dir='ltr'>¹aliquis</span> <span class='ocrx_word' id='word_1_104' title='bbox 947 1702 1038 1770; x_wconf 88' lang='lat' dir='ltr'>dolor</span> <span class='ocrx_word' id='word_1_105' title='bbox 1069 1700 1288 1793; x_wconf 78' lang='lat' dir='ltr'>suscipiendus</span> 
     </span>
     <span class='ocr_line' id='line_1_14' title="bbox 242 1819 1290 1907; baseline 0.001 -20"><span class='ocrx_word' id='word_1_106' title='bbox 242 1831 329 1887; x_wconf 85' lang='lat' dir='ltr'>esset</span> <span class='ocrx_word' id='word_1_107' title='bbox 359 1831 390 1888; x_wconf 87' lang='lat' dir='ltr'>et</span> <span class='ocrx_word' id='word_1_108' title='bbox 420 1821 449 1886; x_wconf 92' lang='lat' dir='ltr'>si</span> <span class='ocrx_word' id='word_1_109' title='bbox 479 1822 513 1887; x_wconf 92' lang='lat' dir='ltr'>in</span> <span class='ocrx_word' id='word_1_110' title='bbox 543 1823 612 1887; x_wconf 88' lang='lat' dir='ltr'>eius</span> <span class='ocrx_word' id='word_1_111' title='bbox 645 1820 731 1887; x_wconf 90' lang='lat' dir='ltr'>modi</span> <span class='ocrx_word' id='word_1_112' title='bbox 764 1839 881 1907; x_wconf 78' lang='lat' dir='ltr'>genero</span> <span class='ocrx_word' id='word_1_113' title='bbox 910 1821 1062 1886; x_wconf 87' lang='lat' dir='ltr'>orationis</span> <span class='ocrx_word' id='word_1_114' title='bbox 1093 1819 1171 1886; x_wconf 91' lang='lat' dir='ltr'>nihil</span> <span class='ocrx_word' id='word_1_115' title='bbox 1203 1832 1290 1889; x_wconf 89' lang='lat' dir='ltr'>essct</span> 
     </span>
     <span class='ocr_line' id='line_1_15' title="bbox 167 1937 1291 2030; baseline 0.003 -27"><span class='ocrx_word' id='word_1_116' title='bbox 167 2025 173 2030; x_wconf 22' lang='grc' dir='ltr'>ι</span> <span class='ocrx_word' id='word_1_117' title='bbox 243 1939 307 2004; x_wconf 91' lang='lat' dir='ltr'>nisi</span> <span class='ocrx_word' id='word_1_118' title='bbox 328 1938 445 2008; x_wconf 80' lang='lat' dir='ltr'>salsum</span> <span class='ocrx_word' id='word_1_119' title='bbox 467 1948 558 2027; x_wconf 83' lang='lat' dir='ltr'>atque</span> <span class='ocrx_word' id='word_1_120' title='bbox 581 1940 753 2008; x_wconf 76' lang='lat' dir='ltr'>imitatione</span> <span class='ocrx_word' id='word_1_121' title='bbox 776 1937 963 2014; x_wconf 84' lang='lat' dir='ltr'>simulatum,</span> <span class='ocrx_word' id='word_1_122' title='bbox 984 1939 1086 2006; x_wconf 84' lang='lat' dir='ltr'>maior</span> <span class='ocrx_word' id='word_1_123' title='bbox 1106 1957 1159 2004; x_wconf 84' lang='lat' dir='ltr'>ars</span> <span class='ocrx_word' id='word_1_124' title='bbox 1182 1938 1291 2024; x_wconf 80' lang='lat' dir='ltr'>aliqua</span> 
     </span>
    </p>
   </div>
   <div class='ocr_carea' id='block_1_3' title="bbox 173 2135 1355 4155">
    <p class='ocr_par' dir='ltr' id='par_1_3' title="bbox 229 2135 1355 2884">
     <span class='ocr_line' id='line_1_16' title="bbox 244 2135 1355 2211; baseline 0.004 -21"><span class='ocrx_word' id='word_1_125' title='bbox 244 2136 286 2191; x_wconf 88' lang='grc'>76.</span> <span class='ocrx_word' id='word_1_126' title='bbox 306 2136 348 2190; x_wconf 99' lang='grc'>76.</span> <span class='ocrx_word' id='word_1_127' title='bbox 365 2137 408 2191; x_wconf 86' lang='grc'>61.</span> <span class='ocrx_word' id='word_1_128' title='bbox 425 2135 479 2204; x_wconf 66' lang='grc'>66,</span> <span class='ocrx_word' id='word_1_129' title='bbox 497 2153 552 2191; x_wconf 88' lang='lat' dir='ltr'>non</span> <span class='ocrx_word' id='word_1_130' title='bbox 571 2136 700 2193; x_wconf 83' lang='lat' dir='ltr'>deterius.</span> <span class='ocrx_word' id='word_1_131' title='bbox 723 2136 795 2192; x_wconf 85' lang='lat' dir='ltr'>Mox</span> <span class='ocrx_word' id='word_1_132' title='bbox 813 2154 867 2210; x_wconf 71' lang='lat' dir='ltr'>epo</span> <span class='ocrx_word' id='word_1_133' title='bbox 886 2154 938 2192; x_wconf 90' lang='lat' dir='ltr'>om.</span> <span class='ocrx_word' id='word_1_134' title='bbox 955 2136 1038 2192; x_wconf 87' lang='grc'><strong>333.</strong></span> <span class='ocrx_word' id='word_1_135' title='bbox 1055 2166 1091 2177; x_wconf 89' lang='lat'>-</span> <span class='ocrx_word' id='word_1_136' title='bbox 1114 2144 1216 2211; x_wconf 70' lang='lat' dir='ltr'>tantm</span> <span class='ocrx_word' id='word_1_137' title='bbox 1233 2138 1304 2194; x_wconf 74' lang='grc' dir='ltr'>Ιιιι-Ι</span> <span class='ocrx_word' id='word_1_138' title='bbox 1348 2140 1355 2148; x_wconf 81' lang='lat'>&#39;</span> 
     </span>
     <span class='ocr_line' id='line_1_17' title="bbox 239 2220 1290 2295; baseline 0.003 -20"><span class='ocrx_word' id='word_1_139' title='bbox 239 2220 345 2294; x_wconf 74' lang='lat' dir='ltr'>petus]</span> <span class='ocrx_word' id='word_1_140' title='bbox 368 2238 420 2276; x_wconf 89' lang='lat' dir='ltr'>om.</span> <span class='ocrx_word' id='word_1_141' title='bbox 445 2220 497 2276; x_wconf 87' lang='lat' dir='ltr'>Gn.</span> <span class='ocrx_word' id='word_1_142' title='bbox 514 2220 540 2277; x_wconf 91' lang='grc'>3.</span> <span class='ocrx_word' id='word_1_143' title='bbox 563 2249 599 2264; x_wconf 78' lang='lat'>--</span> <span class='ocrx_word' id='word_1_144' title='bbox 627 2222 719 2293; x_wconf 78' lang='lat' dir='ltr'>cultro]</span> <span class='ocrx_word' id='word_1_145' title='bbox 742 2222 880 2293; x_wconf 77' lang='lat' dir='ltr'>cultoque</span> <span class='ocrx_word' id='word_1_146' title='bbox 901 2220 952 2294; x_wconf 80' lang='lat' dir='ltr'>Lg.</span> <span class='ocrx_word' id='word_1_147' title='bbox 973 2221 1015 2276; x_wconf 86' lang='grc'>81.</span> <span class='ocrx_word' id='word_1_148' title='bbox 1034 2250 1070 2263; x_wconf 90' lang='lat'>·-</span> <span class='ocrx_word' id='word_1_149' title='bbox 1099 2223 1195 2295; x_wconf 76' lang='lat' dir='ltr'>drptto</span> <span class='ocrx_word' id='word_1_150' title='bbox 1217 2224 1290 2295; x_wconf 77' lang='lat' dir='ltr'>isto]</span> 
     </span>
     <span class='ocr_line' id='line_1_18' title="bbox 246 2304 1300 2380; baseline 0.003 -21"><span class='ocrx_word' id='word_1_151' title='bbox 246 2309 305 2360; x_wconf 79' lang='lat' dir='ltr'>isto</span> <span class='ocrx_word' id='word_1_152' title='bbox 328 2323 381 2361; x_wconf 91' lang='lat' dir='ltr'>cm.</span> <span class='ocrx_word' id='word_1_153' title='bbox 404 2305 475 2359; x_wconf 78' lang='lat' dir='ltr'>vict.</span> <span class='ocrx_word' id='word_1_154' title='bbox 493 2334 529 2348; x_wconf 82' lang='lat'><em>-</em></span> <span class='ocrx_word' id='word_1_155' title='bbox 554 2306 679 2378; x_wconf 78' lang='lat' dir='ltr'>flumen]</span> <span class='ocrx_word' id='word_1_156' title='bbox 701 2306 817 2376; x_wconf 81' lang='lat' dir='ltr'>fulmen</span> <span class='ocrx_word' id='word_1_157' title='bbox 839 2306 889 2377; x_wconf 81' lang='lat' dir='ltr'>Lg.</span> <span class='ocrx_word' id='word_1_158' title='bbox 908 2306 951 2361; x_wconf 89' lang='grc'>65.</span> <span class='ocrx_word' id='word_1_159' title='bbox 968 2334 1004 2347; x_wconf 80' lang='lat'>-</span> <span class='ocrx_word' id='word_1_160' title='bbox 1030 2304 1300 2380; x_wconf 73' lang='lat' dir='ltr'>pravissimoruml&#39;</span> 
     </span>
     <span class='ocr_line' id='line_1_19' title="bbox 229 2390 1292 2464; baseline 0.004 -20"><span class='ocrx_word' id='word_1_161' title='bbox 229 2390 491 2462; x_wconf 24' lang='lat' dir='ltr'>&amp;doctissimorum</span> <span class='ocrx_word' id='word_1_162' title='bbox 512 2390 561 2462; x_wconf 84' lang='lat' dir='ltr'>Lg.</span> <span class='ocrx_word' id='word_1_163' title='bbox 580 2392 623 2447; x_wconf 83' lang='grc'>69.</span> <span class='ocrx_word' id='word_1_164' title='bbox 643 2422 674 2434; x_wconf 60' lang='lat'><em>*</em></span> <span class='ocrx_word' id='word_1_165' title='bbox 700 2391 875 2464; x_wconf 74' lang='lat' dir='ltr'>pipmmtis]</span> <span class='ocrx_word' id='word_1_166' title='bbox 897 2391 1048 2462; x_wconf 76' lang='lat' dir='ltr'>fipmcntio</span> <span class='ocrx_word' id='word_1_167' title='bbox 1066 2390 1117 2461; x_wconf 82' lang='lat' dir='ltr'>Lg.</span> <span class='ocrx_word' id='word_1_168' title='bbox 1136 2393 1162 2447; x_wconf 79' lang='grc'>1.</span> <span class='ocrx_word' id='word_1_169' title='bbox 1180 2422 1216 2435; x_wconf 87' lang='lat'>·-</span> <span class='ocrx_word' id='word_1_170' title='bbox 1246 2398 1292 2448; x_wconf 76' lang='lat' dir='ltr'>tn·</span> 
     </span>
     <span class='ocr_line' id='line_1_20' title="bbox 246 2474 1292 2547; baseline 0.003 -18"><span class='ocrx_word' id='word_1_171' title='bbox 246 2475 350 2545; x_wconf 71' lang='lat' dir='ltr'>rende]</span> <span class='ocrx_word' id='word_1_172' title='bbox 373 2474 470 2545; x_wconf 82' lang='lat' dir='ltr'>scripsi</span> <span class='ocrx_word' id='word_1_173' title='bbox 496 2493 531 2529; x_wconf 81' lang='lat' dir='ltr'>ex</span> <span class='ocrx_word' id='word_1_174' title='bbox 547 2475 597 2547; x_wconf 75' lang='lat' dir='ltr'>hg.</span> <span class='ocrx_word' id='word_1_175' title='bbox 616 2476 642 2531; x_wconf 90' lang='grc'>3.</span> <span class='ocrx_word' id='word_1_176' title='bbox 667 2476 694 2529; x_wconf 89' lang='lat' dir='ltr'>in</span> <span class='ocrx_word' id='word_1_177' title='bbox 714 2493 769 2546; x_wconf 82' lang='lat' dir='ltr'>quo</span> <span class='ocrx_word' id='word_1_178' title='bbox 786 2494 857 2531; x_wconf 85' lang='lat' dir='ltr'>corr.</span> <span class='ocrx_word' id='word_1_179' title='bbox 876 2480 1026 2539; x_wconf 79' lang='lat' dir='ltr'>incensus,</span> <span class='ocrx_word' id='word_1_180' title='bbox 1050 2483 1078 2529; x_wconf 87' lang='lat' dir='ltr'>et</span> <span class='ocrx_word' id='word_1_181' title='bbox 1095 2476 1154 2544; x_wconf 85' lang='grc'><strong>36.,</strong></span> <span class='ocrx_word' id='word_1_182' title='bbox 1178 2494 1292 2546; x_wconf 83' lang='lat' dir='ltr'>qnorum</span> 
     </span>
     <span class='ocr_line' id='line_1_21' title="bbox 246 2558 1296 2631; baseline 0.004 -17"><span class='ocrx_word' id='word_1_183' title='bbox 246 2561 292 2616; x_wconf 91' lang='lat' dir='ltr'>iiie</span> <span class='ocrx_word' id='word_1_184' title='bbox 305 2561 437 2615; x_wconf 70' lang='lat' dir='ltr'>videaris</span> <span class='ocrx_word' id='word_1_185' title='bbox 450 2560 604 2631; x_wconf 79' lang='lat' dir='ltr'>praeponit.</span> <span class='ocrx_word' id='word_1_186' title='bbox 631 2565 765 2615; x_wconf 79' lang='lat' dir='ltr'>incensos</span> <span class='ocrx_word' id='word_1_187' title='bbox 778 2563 803 2616; x_wconf 79' lang='grc'>1.</span> <span class='ocrx_word' id='word_1_188' title='bbox 827 2565 962 2615; x_wconf 78' lang='lat' dir='ltr'>incensos·</span> <span class='ocrx_word' id='word_1_189' title='bbox 975 2578 1038 2613; x_wconf 79' lang='lat' dir='ltr'>esse</span> <span class='ocrx_word' id='word_1_190' title='bbox 1050 2558 1144 2613; x_wconf 87' lang='lat' dir='ltr'>anb.</span> <span class='ocrx_word' id='word_1_191' title='bbox 1171 2561 1296 2618; x_wconf 71' lang='lat' dir='ltr'>lucendi</span> 
     </span>
     <span class='ocr_line' id='line_1_22' title="bbox 245 2644 1293 2719; baseline 0.003 -20"><span class='ocrx_word' id='word_1_192' title='bbox 245 2654 274 2699; x_wconf 83' lang='lat' dir='ltr'>et</span> <span class='ocrx_word' id='word_1_193' title='bbox 293 2645 415 2708; x_wconf 82' lang='lat' dir='ltr'>ardere,</span> <span class='ocrx_word' id='word_1_194' title='bbox 440 2644 475 2697; x_wconf 89' lang='lat' dir='ltr'>de</span> <span class='ocrx_word' id='word_1_195' title='bbox 493 2654 605 2699; x_wconf 81' lang='lat' dir='ltr'>oratore</span> <span class='ocrx_word' id='word_1_196' title='bbox 622 2646 752 2710; x_wconf 84' lang='lat' dir='ltr'>alterum,</span> <span class='ocrx_word' id='word_1_197' title='bbox 777 2646 893 2700; x_wconf 80' lang='lat' dir='ltr'>aiterum</span> <span class='ocrx_word' id='word_1_198' title='bbox 909 2645 945 2699; x_wconf 86' lang='lat' dir='ltr'>de</span> <span class='ocrx_word' id='word_1_199' title='bbox 964 2645 1092 2698; x_wconf 77' lang='lat' dir='ltr'>audiente</span> <span class='ocrx_word' id='word_1_200' title='bbox 1110 2645 1226 2714; x_wconf 85' lang='lat' dir='ltr'>dictum,</span> <span class='ocrx_word' id='word_1_201' title='bbox 1244 2665 1293 2719; x_wconf 77' lang='lat' dir='ltr'>op-</span> 
     </span>
     <span class='ocr_line' id='line_1_23' title="bbox 247 2727 1346 2800; baseline 0.004 -17"><span class='ocrx_word' id='word_1_202' title='bbox 247 2739 385 2800; x_wconf 89' lang='lat' dir='ltr'>ponuntur</span> <span class='ocrx_word' id='word_1_203' title='bbox 403 2729 484 2783; x_wconf 82' lang='lat' dir='ltr'>etiem</span> <span class='ocrx_word' id='word_1_204' title='bbox 503 2727 849 2797; x_wconf 75' lang='lat' dir='ltr'>sc‚1so.0r.38,1as.</span> <span class='ocrx_word' id='word_1_205' title='bbox 886 2729 1000 2783; x_wconf 77' lang='lat' dir='ltr'>Ardere</span> <span class='ocrx_word' id='word_1_206' title='bbox 1017 2730 1173 2784; x_wconf 80' lang='lat' dir='ltr'>coniectura</span> <span class='ocrx_word' id='word_1_207' title='bbox 1192 2741 1235 2790; x_wconf 86' lang='lat' dir='ltr'>est</span> <span class='ocrx_word' id='word_1_208' title='bbox 1256 2733 1294 2789; x_wconf 82' lang='lat' dir='ltr'>lo·</span> <span class='ocrx_word' id='word_1_209' title='bbox 1341 2788 1346 2793; x_wconf 68' lang='grc'><strong>,</strong></span> 
     </span>
     <span class='ocr_line' id='line_1_24' title="bbox 249 2813 1169 2884; baseline 0.007 -18"><span class='ocrx_word' id='word_1_210' title='bbox 249 2831 347 2871; x_wconf 85' lang='lat' dir='ltr'>cunam</span> <span class='ocrx_word' id='word_1_211' title='bbox 365 2813 510 2884; x_wconf 79' lang='lat' dir='ltr'>expleturi.</span> <span class='ocrx_word' id='word_1_212' title='bbox 1165 2866 1169 2872; x_wconf 90' lang='lat'>.</span> 
     </span>
    </p>

    <p class='ocr_par' dir='ltr' id='par_1_4' title="bbox 246 2895 1296 3222">
     <span class='ocr_line' id='line_1_25' title="bbox 334 2895 1295 2976; baseline 0.004 -26"><span class='ocrx_word' id='word_1_213' title='bbox 334 2897 390 2952; x_wconf 81' lang='grc'><strong>169.</strong></span> <span class='ocrx_word' id='word_1_214' title='bbox 425 2896 531 2967; x_wconf 75' lang='lat' dir='ltr'>mopere]</span> <span class='ocrx_word' id='word_1_215' title='bbox 553 2913 646 2968; x_wconf 76' lang='lat' dir='ltr'>nemen</span> <span class='ocrx_word' id='word_1_216' title='bbox 670 2900 749 2951; x_wconf 77' lang='lat' dir='ltr'>enim</span> <span class='ocrx_word' id='word_1_217' title='bbox 772 2895 823 2968; x_wconf 74' lang='lat' dir='ltr'>hg.</span> <span class='ocrx_word' id='word_1_218' title='bbox 842 2897 868 2952; x_wconf 88' lang='grc'>3.</span> <span class='ocrx_word' id='word_1_219' title='bbox 894 2898 932 2951; x_wconf 83' lang='lat' dir='ltr'>ito</span> <span class='ocrx_word' id='word_1_220' title='bbox 956 2915 1026 2954; x_wconf 83' lang='lat' dir='ltr'>corr.</span> <span class='ocrx_word' id='word_1_221' title='bbox 1045 2896 1087 2955; x_wconf 89' lang='grc'>33.</span> <span class='ocrx_word' id='word_1_222' title='bbox 1105 2926 1140 2940; x_wconf 86' lang='grc'>-·</span> <span class='ocrx_word' id='word_1_223' title='bbox 1171 2905 1205 2952; x_wconf 80' lang='lat' dir='ltr'>ut</span> <span class='ocrx_word' id='word_1_224' title='bbox 1222 2917 1295 2976; x_wconf 75' lang='lat' dir='ltr'>pcr-</span> 
     </span>
     <span class='ocr_line' id='line_1_26' title="bbox 248 2979 1296 3055; baseline 0.001 -19"><span class='ocrx_word' id='word_1_225' title='bbox 248 2981 401 3052; x_wconf 77' lang='lat' dir='ltr'>ttmeooat]</span> <span class='ocrx_word' id='word_1_226' title='bbox 419 2999 471 3036; x_wconf 91' lang='lat' dir='ltr'>orn.</span> <span class='ocrx_word' id='word_1_227' title='bbox 490 2979 541 3052; x_wconf 80' lang='lat' dir='ltr'>Lg.</span> <span class='ocrx_word' id='word_1_228' title='bbox 562 2981 601 3037; x_wconf 92' lang='grc'>16.</span> <span class='ocrx_word' id='word_1_229' title='bbox 621 2981 662 3036; x_wconf 86' lang='grc'>76.</span> <span class='ocrx_word' id='word_1_230' title='bbox 681 2980 722 3036; x_wconf 91' lang='grc'>73.</span> <span class='ocrx_word' id='word_1_231' title='bbox 741 3012 777 3021; x_wconf 85' lang='grc'><strong>-</strong></span> <span class='ocrx_word' id='word_1_232' title='bbox 807 2982 849 3035; x_wconf 83' lang='lat' dir='ltr'>ad</span> <span class='ocrx_word' id='word_1_233' title='bbox 863 2983 967 3054; x_wconf 77' lang='lat' dir='ltr'>fletum</span> <span class='ocrx_word' id='word_1_234' title='bbox 984 2982 1296 3055; x_wconf 74' lang='lat' dir='ltr'>misericordiamque]</span> 
     </span>
     <span class='ocr_line' id='line_1_27' title="bbox 246 3065 1292 3139; baseline 0.003 -20"><span class='ocrx_word' id='word_1_235' title='bbox 246 3066 367 3137; x_wconf 78' lang='lat' dir='ltr'>affectet</span> <span class='ocrx_word' id='word_1_236' title='bbox 377 3067 643 3136; x_wconf 62' lang='lat' dir='ltr'>misericordiaque</span> <span class='ocrx_word' id='word_1_237' title='bbox 661 3065 713 3120; x_wconf 85' lang='lat' dir='ltr'>Gn.</span> <span class='ocrx_word' id='word_1_238' title='bbox 728 3065 753 3119; x_wconf 89' lang='grc'>3.</span> <span class='ocrx_word' id='word_1_239' title='bbox 770 3065 838 3120; x_wconf 85' lang='lat' dir='ltr'>iliud</span> <span class='ocrx_word' id='word_1_240' title='bbox 857 3067 937 3121; x_wconf 80' lang='lat' dir='ltr'>etiarn</span> <span class='ocrx_word' id='word_1_241' title='bbox 952 3067 1042 3122; x_wconf 71' lang='grc'><strong>(16.3.</strong></span> <span class='ocrx_word' id='word_1_242' title='bbox 1058 3096 1094 3109; x_wconf 79' lang='lat'><strong>-</strong></span> <span class='ocrx_word' id='word_1_243' title='bbox 1112 3067 1292 3139; x_wconf 78' lang='lat' dir='ltr'>deducatur]</span> 
     </span>
     <span class='ocr_line' id='line_1_28' title="bbox 246 3149 1293 3222; baseline 0.003 -18"><span class='ocrx_word' id='word_1_244' title='bbox 246 3151 374 3205; x_wconf 78' lang='lat' dir='ltr'>ducatur</span> <span class='ocrx_word' id='word_1_245' title='bbox 396 3151 429 3207; x_wconf 90' lang='lat' dir='ltr'>V.</span> <span class='ocrx_word' id='word_1_246' title='bbox 447 3151 488 3205; x_wconf 88' lang='lat' dir='ltr'>St.</span> <span class='ocrx_word' id='word_1_247' title='bbox 511 3149 563 3205; x_wconf 90' lang='lat' dir='ltr'>Gn.</span> <span class='ocrx_word' id='word_1_248' title='bbox 583 3149 606 3204; x_wconf 91' lang='lat'>1.</span> <span class='ocrx_word' id='word_1_249' title='bbox 625 3179 659 3189; x_wconf 90' lang='lat'><em>-</em></span> <span class='ocrx_word' id='word_1_250' title='bbox 689 3149 802 3221; x_wconf 81' lang='lat' dir='ltr'>omnes]</span> <span class='ocrx_word' id='word_1_251' title='bbox 823 3154 921 3204; x_wconf 74' lang='lat' dir='ltr'>omnis</span> <span class='ocrx_word' id='word_1_252' title='bbox 944 3151 994 3222; x_wconf 67' lang='grc' dir='ltr'><strong>[ις.</strong></span> <span class='ocrx_word' id='word_1_253' title='bbox 1017 3152 1055 3207; x_wconf 90' lang='grc'>13.</span> <span class='ocrx_word' id='word_1_254' title='bbox 1075 3152 1118 3207; x_wconf 90' lang='grc'>33,</span> <span class='ocrx_word' id='word_1_255' title='bbox 1138 3151 1242 3208; x_wconf 86' lang='grc'><strong>3336.</strong></span> <span class='ocrx_word' id='word_1_256' title='bbox 1262 3185 1293 3193; x_wconf 96' lang='grc'>-</span> 
     </span>
    </p>

    <p class='ocr_par' dir='ltr' id='par_1_5' title="bbox 173 3233 1301 4155">
     <span class='ocr_line' id='line_1_29' title="bbox 173 3233 1295 3309; baseline 0.003 -20"><span class='ocrx_word' id='word_1_257' title='bbox 173 3258 179 3269; x_wconf 67' lang='grc'><strong>’</strong></span> <span class='ocrx_word' id='word_1_258' title='bbox 248 3235 312 3306; x_wconf 76' lang='lat' dir='ltr'>ctu]</span> <span class='ocrx_word' id='word_1_259' title='bbox 330 3235 369 3289; x_wconf 85' lang='lat' dir='ltr'>sic</span> <span class='ocrx_word' id='word_1_260' title='bbox 382 3252 433 3306; x_wconf 87' lang='lat' dir='ltr'>pro</span> <span class='ocrx_word' id='word_1_261' title='bbox 448 3236 560 3305; x_wconf 78' lang='lat' dir='ltr'>vulgato</span> <span class='ocrx_word' id='word_1_262' title='bbox 573 3236 599 3290; x_wconf 77' lang='grc'>11</span> <span class='ocrx_word' id='word_1_263' title='bbox 607 3233 703 3305; x_wconf 84' lang='lat' dir='ltr'>scripsi</span> <span class='ocrx_word' id='word_1_264' title='bbox 717 3252 753 3288; x_wconf 80' lang='lat' dir='ltr'>ex</span> <span class='ocrx_word' id='word_1_265' title='bbox 764 3234 814 3309; x_wconf 73' lang='lat' dir='ltr'>ng.</span> <span class='ocrx_word' id='word_1_266' title='bbox 826 3235 851 3291; x_wconf 91' lang='grc'>3.</span> <span class='ocrx_word' id='word_1_267' title='bbox 864 3236 890 3291; x_wconf 93' lang='grc'><strong>3.</strong></span> <span class='ocrx_word' id='word_1_268' title='bbox 902 3238 927 3291; x_wconf 73' lang='lat' dir='ltr'>i.</span> <span class='ocrx_word' id='word_1_269' title='bbox 942 3235 982 3291; x_wconf 90' lang='grc'>13.</span> <span class='ocrx_word' id='word_1_270' title='bbox 994 3236 1037 3294; x_wconf 87' lang='grc'>33.</span> <span class='ocrx_word' id='word_1_271' title='bbox 1049 3235 1090 3293; x_wconf 91' lang='grc'>36.</span> <span class='ocrx_word' id='word_1_272' title='bbox 1110 3236 1162 3292; x_wconf 88' lang='lat' dir='ltr'>Gn.</span> <span class='ocrx_word' id='word_1_273' title='bbox 1176 3238 1201 3292; x_wconf 93' lang='grc'>3.</span> <span class='ocrx_word' id='word_1_274' title='bbox 1224 3236 1257 3292; x_wconf 81' lang='lat' dir='ltr'>Iri</span> <span class='ocrx_word' id='word_1_275' title='bbox 1269 3237 1295 3292; x_wconf 89' lang='grc'>6.</span> 
     </span>
     <span class='ocr_line' id='line_1_30' title="bbox 242 3317 1297 3392; baseline 0.001 -19"><span class='ocrx_word' id='word_1_276' title='bbox 242 3320 289 3375; x_wconf 71' lang='lat' dir='ltr'>Ji.</span> <span class='ocrx_word' id='word_1_277' title='bbox 304 3319 346 3375; x_wconf 92' lang='grc'>33.</span> <span class='ocrx_word' id='word_1_278' title='bbox 360 3319 403 3375; x_wconf 89' lang='grc'>67.</span> <span class='ocrx_word' id='word_1_279' title='bbox 418 3318 461 3374; x_wconf 81' lang='grc'>69.</span> <span class='ocrx_word' id='word_1_280' title='bbox 476 3317 517 3374; x_wconf 90' lang='grc'>76.</span> <span class='ocrx_word' id='word_1_281' title='bbox 531 3318 573 3373; x_wconf 81' lang='grc'><strong>84.</strong></span> <span class='ocrx_word' id='word_1_282' title='bbox 594 3317 645 3372; x_wconf 89' lang='lat' dir='ltr'>Gn.</span> <span class='ocrx_word' id='word_1_283' title='bbox 659 3318 685 3371; x_wconf 89' lang='grc'>3.</span> <span class='ocrx_word' id='word_1_284' title='bbox 712 3317 757 3373; x_wconf 77' lang='lat' dir='ltr'>Mt</span> <span class='ocrx_word' id='word_1_285' title='bbox 773 3319 825 3375; x_wconf 87' lang='lat' dir='ltr'>Gn.</span> <span class='ocrx_word' id='word_1_286' title='bbox 839 3319 862 3374; x_wconf 91' lang='lat'>1.</span> <span class='ocrx_word' id='word_1_287' title='bbox 876 3348 912 3364; x_wconf 89' lang='lat'>·-·</span> <span class='ocrx_word' id='word_1_288' title='bbox 931 3327 1035 3375; x_wconf 81' lang='lat' dir='ltr'>orator</span> <span class='ocrx_word' id='word_1_289' title='bbox 1052 3319 1194 3374; x_wconf 76' lang='lat' dir='ltr'>adhibere</span> <span class='ocrx_word' id='word_1_290' title='bbox 1206 3321 1297 3392; x_wconf 77' lang='lat' dir='ltr'>volet]</span> 
     </span>
     <span class='ocr_line' id='line_1_31' title="bbox 248 3400 1295 3475; baseline 0.003 -17"><span class='ocrx_word' id='word_1_291' title='bbox 248 3410 400 3458; x_wconf 81' lang='lat' dir='ltr'>oratorem</span> <span class='ocrx_word' id='word_1_292' title='bbox 417 3401 557 3459; x_wconf 73' lang='lat' dir='ltr'>adhibere</span> <span class='ocrx_word' id='word_1_293' title='bbox 573 3402 640 3459; x_wconf 84' lang='lat' dir='ltr'>ttolo</span> <span class='ocrx_word' id='word_1_294' title='bbox 659 3400 709 3473; x_wconf 65' lang='grc' dir='ltr'><strong>ις.</strong></span> <span class='ocrx_word' id='word_1_295' title='bbox 727 3402 753 3458; x_wconf 91' lang='grc'>3.</span> <span class='ocrx_word' id='word_1_296' title='bbox 771 3403 806 3459; x_wconf 88' lang='grc'>33</span> <span class='ocrx_word' id='word_1_297' title='bbox 818 3421 888 3460; x_wconf 89' lang='lat' dir='ltr'>corr.</span> <span class='ocrx_word' id='word_1_298' title='bbox 907 3405 990 3471; x_wconf 74' lang='grc'><strong>613,</strong></span> <span class='ocrx_word' id='word_1_299' title='bbox 1008 3406 1054 3475; x_wconf 86' lang='lat' dir='ltr'>qni</span> <span class='ocrx_word' id='word_1_300' title='bbox 1071 3405 1149 3469; x_wconf 75' lang='lat' dir='ltr'>nult5</span> <span class='ocrx_word' id='word_1_301' title='bbox 1166 3407 1230 3461; x_wconf 88' lang='lat' dir='ltr'>item</span> <span class='ocrx_word' id='word_1_302' title='bbox 1249 3408 1295 3461; x_wconf 90' lang='grc'>36.</span> 
     </span>
     <span class='ocr_line' id='line_1_32' title="bbox 249 3486 1296 3562; baseline 0.002 -20"><span class='ocrx_word' id='word_1_303' title='bbox 249 3495 400 3542; x_wconf 78' lang='lat' dir='ltr'>oratorem</span> <span class='ocrx_word' id='word_1_304' title='bbox 417 3488 498 3541; x_wconf 78' lang='lat' dir='ltr'>otiam</span> <span class='ocrx_word' id='word_1_305' title='bbox 518 3487 558 3543; x_wconf 90' lang='grc'>13.</span> <span class='ocrx_word' id='word_1_306' title='bbox 580 3518 610 3532; x_wconf 84' lang='grc'>-</span> <span class='ocrx_word' id='word_1_307' title='bbox 638 3486 748 3556; x_wconf 76' lang='lat' dir='ltr'>inusti]</span> <span class='ocrx_word' id='word_1_308' title='bbox 767 3491 903 3542; x_wconf 70' lang='lat' dir='ltr'>immixti</span> <span class='ocrx_word' id='word_1_309' title='bbox 918 3489 969 3560; x_wconf 83' lang='lat' dir='ltr'>Lg.</span> <span class='ocrx_word' id='word_1_310' title='bbox 987 3489 1026 3544; x_wconf 93' lang='grc'>13.</span> <span class='ocrx_word' id='word_1_311' title='bbox 1045 3489 1080 3543; x_wconf 91' lang='grc'>36</span> <span class='ocrx_word' id='word_1_312' title='bbox 1098 3491 1239 3562; x_wconf 72' lang='lat' dir='ltr'>(imictt).</span> <span class='ocrx_word' id='word_1_313' title='bbox 1258 3491 1296 3545; x_wconf 84' lang='lat' dir='ltr'>its</span> 
     </span>
     <span class='ocr_line' id='line_1_33' title="bbox 250 3569 1297 3651; baseline 0.004 -25"><span class='ocrx_word' id='word_1_314' title='bbox 250 3590 321 3627; x_wconf 85' lang='lat' dir='ltr'>corr.</span> <span class='ocrx_word' id='word_1_315' title='bbox 336 3573 361 3627; x_wconf 87' lang='grc'>3.</span> <span class='ocrx_word' id='word_1_316' title='bbox 380 3599 416 3614; x_wconf 77' lang='lat'>-</span> <span class='ocrx_word' id='word_1_317' title='bbox 433 3574 497 3627; x_wconf 73' lang='lat' dir='ltr'>circe</span> <span class='ocrx_word' id='word_1_318' title='bbox 513 3571 610 3642; x_wconf 76' lang='lat' dir='ltr'>modi]</span> <span class='ocrx_word' id='word_1_319' title='bbox 629 3569 799 3627; x_wconf 69' lang='lat' dir='ltr'>huiusmodi</span> <span class='ocrx_word' id='word_1_320' title='bbox 814 3572 865 3647; x_wconf 71' lang='lat' dir='ltr'>ng.</span> <span class='ocrx_word' id='word_1_321' title='bbox 881 3573 922 3628; x_wconf 88' lang='grc'>17.</span> <span class='ocrx_word' id='word_1_322' title='bbox 940 3574 982 3629; x_wconf 87' lang='grc'>36.</span> <span class='ocrx_word' id='word_1_323' title='bbox 999 3573 1040 3629; x_wconf 90' lang='grc'>76.</span> <span class='ocrx_word' id='word_1_324' title='bbox 1060 3574 1131 3628; x_wconf 87' lang='lat' dir='ltr'>Vict.</span> <span class='ocrx_word' id='word_1_325' title='bbox 1151 3606 1182 3617; x_wconf 89' lang='lat'><em>-</em></span> <span class='ocrx_word' id='word_1_326' title='bbox 1204 3575 1297 3651; x_wconf 75' lang='lat' dir='ltr'>erret]</span> 
     </span>
     <span class='ocr_line' id='line_1_34' title="bbox 250 3655 1297 3731; baseline 0.003 -21"><span class='ocrx_word' id='word_1_327' title='bbox 250 3674 315 3710; x_wconf 77' lang='lat' dir='ltr'>esec</span> <span class='ocrx_word' id='word_1_328' title='bbox 334 3656 386 3711; x_wconf 88' lang='lat' dir='ltr'>Gn.</span> <span class='ocrx_word' id='word_1_329' title='bbox 406 3657 431 3711; x_wconf 94' lang='grc'>3.</span> <span class='ocrx_word' id='word_1_330' title='bbox 450 3688 481 3701; x_wconf 83' lang='lat'>-·</span> <span class='ocrx_word' id='word_1_331' title='bbox 509 3655 624 3727; x_wconf 72' lang='lat' dir='ltr'>alimen]</span> <span class='ocrx_word' id='word_1_332' title='bbox 643 3671 696 3713; x_wconf 87' lang='lat' dir='ltr'>ont.</span> <span class='ocrx_word' id='word_1_333' title='bbox 715 3657 767 3713; x_wconf 85' lang='lat' dir='ltr'>Gn.</span> <span class='ocrx_word' id='word_1_334' title='bbox 785 3657 811 3713; x_wconf 92' lang='grc'>3.</span> <span class='ocrx_word' id='word_1_335' title='bbox 826 3686 862 3701; x_wconf 82' lang='lat'>-</span> <span class='ocrx_word' id='word_1_336' title='bbox 884 3658 1018 3728; x_wconf 79' lang='lat' dir='ltr'>accidat]</span> <span class='ocrx_word' id='word_1_337' title='bbox 1040 3659 1166 3713; x_wconf 74' lang='lat' dir='ltr'>adridat</span> <span class='ocrx_word' id='word_1_338' title='bbox 1182 3657 1233 3731; x_wconf 75' lang='lat' dir='ltr'>ng.</span> <span class='ocrx_word' id='word_1_339' title='bbox 1252 3659 1297 3714; x_wconf 86' lang='grc'>65.</span> 
     </span>
     <span class='ocr_line' id='line_1_35' title="bbox 249 3740 1298 3816; baseline 0.003 -21"><span class='ocrx_word' id='word_1_340' title='bbox 249 3741 291 3795; x_wconf 89' lang='grc'>67.</span> <span class='ocrx_word' id='word_1_341' title='bbox 312 3741 352 3797; x_wconf 88' lang='grc'>76.</span> <span class='ocrx_word' id='word_1_342' title='bbox 374 3741 417 3796; x_wconf 89' lang='grc'>73.</span> <span class='ocrx_word' id='word_1_343' title='bbox 440 3771 475 3782; x_wconf 86' lang='grc'>-</span> <span class='ocrx_word' id='word_1_344' title='bbox 503 3740 769 3813; x_wconf 74' lang='lat' dir='ltr'>prudentissimos]</span> <span class='ocrx_word' id='word_1_345' title='bbox 794 3740 1034 3813; x_wconf 71' lang='lat' dir='ltr'>doctiss.11g.i.</span> <span class='ocrx_word' id='word_1_346' title='bbox 1070 3743 1137 3797; x_wconf 83' lang='lat' dir='ltr'>Gom</span> <span class='ocrx_word' id='word_1_347' title='bbox 1161 3761 1201 3816; x_wconf 85' lang='lat' dir='ltr'>sq.</span> <span class='ocrx_word' id='word_1_348' title='bbox 1221 3749 1298 3798; x_wconf 72' lang='lat' dir='ltr'>ami-</span> 
     </span>
     <span class='ocr_line' id='line_1_36' title="bbox 250 3824 1299 3899; baseline 0.004 -20"><span class='ocrx_word' id='word_1_349' title='bbox 250 3828 387 3879; x_wconf 77' lang='lat' dir='ltr'>ctseimos</span> <span class='ocrx_word' id='word_1_350' title='bbox 402 3825 471 3880; x_wconf 81' lang='lat' dir='ltr'>iocis</span> <span class='ocrx_word' id='word_1_351' title='bbox 488 3833 659 3896; x_wconf 79' lang='lat' dir='ltr'>permutetur</span> <span class='ocrx_word' id='word_1_352' title='bbox 681 3825 708 3877; x_wconf 88' lang='lat' dir='ltr'>in</span> <span class='ocrx_word' id='word_1_353' title='bbox 728 3824 778 3895; x_wconf 75' lang='lat' dir='ltr'>hg.</span> <span class='ocrx_word' id='word_1_354' title='bbox 797 3825 838 3882; x_wconf 86' lang='grc'>31.</span> <span class='ocrx_word' id='word_1_355' title='bbox 857 3854 894 3867; x_wconf 88' lang='lat'>-·</span> <span class='ocrx_word' id='word_1_356' title='bbox 923 3827 1138 3898; x_wconf 80' lang='lat' dir='ltr'>amicissimos]</span> <span class='ocrx_word' id='word_1_357' title='bbox 1160 3828 1299 3899; x_wconf 75' lang='lat' dir='ltr'>familia-</span> 
     </span>
     <span class='ocr_line' id='line_1_37' title="bbox 249 3906 1298 3986; baseline 0.007 -22"><span class='ocrx_word' id='word_1_358' title='bbox 249 3912 388 3965; x_wconf 70' lang='lat' dir='ltr'>rissimos</span> <span class='ocrx_word' id='word_1_359' title='bbox 405 3908 456 3980; x_wconf 83' lang='lat' dir='ltr'>Lg.</span> <span class='ocrx_word' id='word_1_360' title='bbox 471 3911 495 3963; x_wconf 80' lang='grc'>4.</span> <span class='ocrx_word' id='word_1_361' title='bbox 507 3937 543 3952; x_wconf 77' lang='lat'>-</span> <span class='ocrx_word' id='word_1_362' title='bbox 560 3926 607 3961; x_wconf 86' lang='lat' dir='ltr'>me</span> <span class='ocrx_word' id='word_1_363' title='bbox 619 3906 883 3979; x_wconf 63' lang='lat' dir='ltr'>Hereutepdtorsrm</span> <span class='ocrx_word' id='word_1_364' title='bbox 896 3912 993 3982; x_wconf 85' lang='lat' dir='ltr'>scripsi</span> <span class='ocrx_word' id='word_1_365' title='bbox 1006 3913 1154 3966; x_wconf 86' lang='lat' dir='ltr'>secundum</span> <span class='ocrx_word' id='word_1_366' title='bbox 1168 3913 1219 3986; x_wconf 84' lang='lat' dir='ltr'>Lg.</span> <span class='ocrx_word' id='word_1_367' title='bbox 1231 3914 1256 3969; x_wconf 88' lang='grc'>3.</span> <span class='ocrx_word' id='word_1_368' title='bbox 1273 3915 1298 3973; x_wconf 81' lang='grc'>3.</span> 
     </span>
     <span class='ocr_line' id='line_1_38' title="bbox 252 3990 1300 4053; baseline 0.008 -9"><span class='ocrx_word' id='word_1_369' title='bbox 252 3990 293 4044; x_wconf 91' lang='grc'>13.</span> <span class='ocrx_word' id='word_1_370' title='bbox 317 3990 356 4044; x_wconf 89' lang='grc'>15.</span> <span class='ocrx_word' id='word_1_371' title='bbox 377 3991 417 4048; x_wconf 80' lang='lat' dir='ltr'>lo.</span> <span class='ocrx_word' id='word_1_372' title='bbox 439 3992 478 4045; x_wconf 89' lang='grc'>17.</span> <span class='ocrx_word' id='word_1_373' title='bbox 502 3990 544 4045; x_wconf 88' lang='grc'>36.</span> <span class='ocrx_word' id='word_1_374' title='bbox 562 3990 605 4042; x_wconf 89' lang='grc'>31.</span> <span class='ocrx_word' id='word_1_375' title='bbox 628 3990 670 4045; x_wconf 87' lang='grc'>35.</span> <span class='ocrx_word' id='word_1_376' title='bbox 690 3991 732 4046; x_wconf 88' lang='grc'>36.</span> <span class='ocrx_word' id='word_1_377' title='bbox 757 3992 799 4047; x_wconf 89' lang='grc'>67.</span> <span class='ocrx_word' id='word_1_378' title='bbox 820 3992 863 4047; x_wconf 83' lang='grc'>63.</span> <span class='ocrx_word' id='word_1_379' title='bbox 889 3994 930 4049; x_wconf 86' lang='grc'>76.</span> <span class='ocrx_word' id='word_1_380' title='bbox 951 3994 991 4050; x_wconf 89' lang='grc'>76.</span> <span class='ocrx_word' id='word_1_381' title='bbox 1016 3995 1058 4051; x_wconf 86' lang='grc'>81.</span> <span class='ocrx_word' id='word_1_382' title='bbox 1076 3996 1119 4053; x_wconf 69' lang='grc'>86</span> <span class='ocrx_word' id='word_1_383' title='bbox 1138 3997 1180 4052; x_wconf 85' lang='grc'>86.</span> <span class='ocrx_word' id='word_1_384' title='bbox 1207 3998 1259 4052; x_wconf 85' lang='lat' dir='ltr'>Gn.</span> <span class='ocrx_word' id='word_1_385' title='bbox 1276 4000 1300 4052; x_wconf 93' lang='grc'>1.</span> 
     </span>
     <span class='ocr_line' id='line_1_39' title="bbox 251 4072 1301 4155; baseline 0.01 -23"><span class='ocrx_word' id='word_1_386' title='bbox 251 4072 349 4132; x_wconf 73' lang='lat' dir='ltr'>terro</span> <span class='ocrx_word' id='word_1_387' title='bbox 371 4076 396 4130; x_wconf 80' lang='lat' dir='ltr'>t.</span> <span class='ocrx_word' id='word_1_388' title='bbox 432 4092 480 4131; x_wconf 86' lang='lat' dir='ltr'>me</span> <span class='ocrx_word' id='word_1_389' title='bbox 503 4074 543 4130; x_wconf 81' lang='grc'>14.</span> <span class='ocrx_word' id='word_1_390' title='bbox 579 4072 725 4131; x_wconf 70' lang='lat' dir='ltr'>mehercle</span> <span class='ocrx_word' id='word_1_391' title='bbox 751 4072 792 4132; x_wconf 86' lang='grc'>16.</span> <span class='ocrx_word' id='word_1_392' title='bbox 817 4076 888 4134; x_wconf 85' lang='lat' dir='ltr'>Viet.</span> <span class='ocrx_word' id='word_1_393' title='bbox 911 4106 947 4123; x_wconf 69' lang='grc' dir='ltr'>ι-</span> <span class='ocrx_word' id='word_1_394' title='bbox 976 4080 1121 4155; x_wconf 78' lang='lat' dir='ltr'>coquam]</span> <span class='ocrx_word' id='word_1_395' title='bbox 1151 4098 1204 4139; x_wconf 78' lang='lat' dir='ltr'>orn.</span> <span class='ocrx_word' id='word_1_396' title='bbox 1229 4082 1301 4142; x_wconf 77' lang='lat' dir='ltr'>vict.</span> 
     </span>
    </p>
   </div>
   <div class='ocr_carea' id='block_1_4' title="bbox 0 0 1485 4590">
    <p class='ocr_par' dir='ltr' id='par_1_6' title="bbox 0 0 1485 4590">
     <span class='ocr_line' id='line_1_40' title="bbox 0 0 1485 4590; baseline 0 0"><span class='ocrx_word' id='word_1_397' title='bbox 0 0 1485 4590; x_wconf 95' lang='lat' dir='ltr'> </span> 
     </span>
    </p>
   </div>
  </div>
 </body>
</html>
