2968 4596
263 312 386 397 54,
504 315 508 325 ’
650 304 917 387 'alcuuouls

257 493 358 557 etiam
394 491 423 557 si
458 488 631 574 ingenium,
668 499 701 554 ut
736 499 770 555 tu
800 498 907 576 putee,
945 508 1009 557 non
1039 489 1174 556 maxime
1206 489 1313 568 deluit,

234 608 408 676 ‹doctrina
438 617 522 673 certe
555 617 586 672 et
601 607 707 681 ¹otium
734 615 768 672 et.
791 604 926 673 Hercule
954 609 1048 672 etiam
1074 608 1208 673 studium
1233 607 1313 674 illud

265 725 408 792 discendi
435 726 621 790 acerrimum
647 724 763 790 defuit:
797 723 1028 810 colocenses,
1055 726 1083 790 ei
1111 725 1153 790 ad
1180 725 1314 792 alicuius

264 844 425 928 ingenium
438 842 490 909 uel
504 844 606 908 maius
621 841 692 918 illa,
716 860 796 927 quae
814 860 875 925 ego
889 861 954 907 uon
970 843 1073 927 attigi,
1096 846 1313 910 accesserinti

267 959 392 1047 qualem
412 959 501 1025 illum
522 970 553 1026 et
573 968 720 1046 quantum
742 967 898 1025 oratorem
919 958 1078 1025 futurumt

351 1073 465 1143 xviii.
490 1076 542 1143 86.
570 1075 652 1141 Tum
666 1075 835 1154 Antonius,
856 1074 978 1142 Probas
995 1076 1220 1162 mihi,¹inquit‚
1243 1074 1314 1154 ista,

269 1191 401 1269 Crasso,
425 1213 505 1281 quae
526 1195 620 1270 elicis,
642 1213 702 1260 uec
722 1194 842 1272 dubito,
865 1196 940 1280 quin
959 1195 1054 1261 multo
1073 1193 1261 1281 locupletior
1283 1198 1316 1260 in

269 1311 403 1378 liceum
429 1311 549 1377 iuturus
576 1313 629 1389 sit,
659 1312 687 1376 si
714 1313 783 1398 quis
806 1315 942 1378 omnium
963 1332 1066 1378 rerum
1089 1322 1182 1398 atque
1205 1315 1317 1378 artium

269 1431 423 1495 rationem
444 1438 647 1514 naturamque
664 1427 939 1516 comprehenderit.
982 1429 1034 1495 81.
1058 1428 1124 1495 Sed
1137 1431 1269 1516 primum
1283 1430 1318 1495 il
1340 1461 1346 1471 ·

270 1543 398 1632 difficile
420 1555 474 1610 -est
499 1546 598 1624 iactu,
624 1550 809 1634 praesertim
830 1550 861 1613 in
883 1547 944 1613 hac
967 1557 1076 1613 nostra
1096 1550 1162 1614 uita
1182 1549 1316 1613 nostris-

270 1682 330 1749 que
358 1663 633 1750 occupationibus3
661 1665 774 1731 deinde
801 1665 879 1731 illud
901 1666 996 1731 etiam
1016 1665 1185 1731 verendum
1207 1674 1315 1730 estne
1414 1736 1417 1739 ,

271 1780 491 1848 abstrahamur
512 1782 552 1847 ab
573 1781 635 1849 lac
653 1785 877 1848 exercitatione
897 1792 928 1848 et
949 1782 1172 1849 consuetudine
1192 1781 1317 1847 dicendi

279 1995 282 2000 V
359 2026 459 2084 xvm.
484 2027 527 2084 86.
567 2028 686 2099 Graece]
704 2033 782 2088 inser.
803 2049 820 2087 o
838 2032 890 2105 Lg.
907 2031 949 2088 94.
964 2032 1006 2088 39.
1023 2009 1073 2075 -1
1086 1997 1245 2099 rattoreem]
1264 2047 1317 2084 om.

271 2113 321 2186 ng.
332 2113 375 2167 65.
401 2118 606 2185 rationemque
622 2115 657 2169 39
674 2134 745 2171 corr.
762 2146 796 2158 —-
832 2119 1042 2189 natorumque]
1059 2123 1201 2170 naturam
1219 2133 1320 2170 rerum

157 2244 162 2257 ,
271 2197 321 2270 Lg.
334 2200 359 2253 4.
383 2204 526 2252 acturam
542 2198 586 2254 65.
601 2228 639 2241 ·-
663 2200 934 2273 comprehenderit]
955 2220 1053 2276 conpr.
1073 2201 1122 2273 Lg.
1136 2201 1161 2257 9.
1188 2218 1318 2274 compre·

197 2305 202 2313 ·
271 2280 376 2338 headtt
394 2283 514 2339 ssl'corr.
533 2283 576 2341 86.
605 2287 824 2360 comprenderit
844 2288 914 2344 Vict.

358 2401 399 2457 81.
433 2406 565 2475 primum
583 2405 632 2473 td]
656 2405 710 2461 luv.
730 2405 780 2478 ng.
799 2405 843 2460 93.
860 2433 897 2448 »-
921 2405 971 2473 td]
994 2402 1070 2459 illua
1091 2403 1141 2474 Lg.
1160 2402 1185 2456 3.
1203 2401 1246 2456 67.
1265 2406 1327 2456 om·

274 2486 315 2542 14.
334 2486 375 2542 15.
393 2486 435 2541 96.
453 2516 490 2529 —-
514 2489 579 2559 diff.
599 2497 644 2544 ert
659 2490 757 2561 facta]
779 2491 808 2545 d.
824 2490 910 2561 saeta
929 2497 974 2544 ert
993 2489 1043 2561 Lg.
1059 2487 1139 2552 XIX,
1158 2495 1320 2541 nontamen

272 2571 297 2626 9.
319 2571 343 2626 3.
365 2574 389 2628 4.
412 2572 452 2628 13.
474 2572 515 2628 39.
536 2574 578 2629 36.
599 2575 641 2630 67.
661 2575 720 2643 81.,
755 2576 817 2630 item
843 2575 894 2630 Ga.
915 2575 939 2629 9.
961 2605 998 2615 -
1034 2572 1319 2640 acroceramina.

271 2655 322 2727 Lg.
333 2659 358 2712 4.
375 2686 412 2699 —-
436 2657 668 2729 abstrahamurl
680 2661 877 2716 extrahamur
894 2659 943 2732 Lg.
961 2657 985 2713 9.
1005 2657 1030 2713 5.
1049 2657 1074 2712 6.
1095 2657 1135 2712 14.
1156 2656 1196 2711 15.
1216 2654 1256 2710 16,
1276 2655 1318 2711 17.

272 2739 315 2796 96.
334 2741 376 2796 91.
396 2742 438 2796 93.
457 2743 498 2797 94.
518 2744 560 2799 35.
578 2745 621 2800 65.
639 2745 682 2801 69.
702 2747 743 2801 76.
763 2747 805 2801 73.
824 2745 866 2799 84.
886 2744 928 2798 86.
947 2743 989 2797 93.
1014 2742 1064 2796 Gu.
1083 2742 1108 2797 3.
1125 2770 1162 2783 -
1193 2740 1229 2794 ab
1250 2738 1318 2808 hac]

273 2842 311 2878 ecc
329 2823 386 2878 hae
404 2825 453 2897 Lg.
472 2826 514 2882 69.
534 2829 576 2883 93.
595 2857 631 2868 —-
660 2838 688 2884 et
706 2830 929 2897 consuetudine]
950 2834 1039 2897 atque
1057 2844 1133 2882 eoae.
1154 2825 1204 2897 Lg.
1224 2826 1264 2880 17.
1291 2831 1321 2878 et

274 2926 326 2965 om.
346 2908 380 2963 35
399 2910 461 2963 odd.
481 2940 517 2952 -
555 2917 701 2967 orattoatr
717 2916 820 2986 aereae]
843 2915 883 2967 sic
903 2913 1002 2967 inverti
1022 2930 1057 2965 ex
1075 2911 1125 2983 ng.
1144 2910 1169 2965 9.
1188 2911 1213 2964 3.
1234 2909 1319 2965 5.13.

274 2993 316 3049 16.
331 2993 371 3048 17.
385 2993 427 3049 96.
439 2995 480 3050 91.
495 2995 536 3052 93.
550 2996 593 3050 94.
609 2998 650 3053 39.
664 2998 709 3054 36.
719 2999 760 3054 65.
776 2999 818 3055 67.
831 2999 874 3054 69.
888 2998 929 3052 76.
944 2997 985 3051 73.
996 2996 1039 3051 84.
1053 2995 1096 3051 86.
1113 2996 1183 3050 Vict.
1193 2995 1243 3050 Ga.
1252 2997 1321 3059 3.—

270 3078 375 3151 paalo]
404 3080 444 3133 ric
468 3080 518 3153 ng,
544 3098 640 3136 omnes
664 3101 705 3154 pr.
727 3084 752 3139 5.
772 3082 815 3139 86.
834 3113 870 3125 —-
903 3099 996 3154 aeaut
1021 3087 1066 3134 ert
1087 3079 1252 3148 verboram]
1276 3085 1322 3133 ert

272 3162 429 3236 oeraqea.
452 3165 563 3239 Lg.15.
602 3167 678 3222 vero.
695 3185 722 3240 a.
741 3187 764 3225 e.
787 3168 828 3222 94.
866 3174 911 3220 eet
929 3165 1005 3221 verb.
1025 3182 1053 3237 9.
1073 3164 1114 3222 76.
1133 3165 1175 3221 81.
1194 3193 1232 3205 —-
1268 3165 1322 3218 sed

270 3249 455 3323 palaestrae]
473 3259 502 3307 et
513 3271 548 3326 p.
574 3252 669 3319 Vosa,
690 3254 763 3322 quod
780 3251 880 3324 probat
892 3251 1006 3306 Belius.
1041 3249 1115 3304 Nam
1133 3250 1215 3304 etiam
1228 3251 1322 3321 priora

271 3334 320 3390 illa
345 3353 400 3390 uon
426 3336 486 3391 siue
513 3339 630 3408 quadam
654 3338 867 3408 reprehensione
893 3337 946 3390 dici
974 3344 1004 3389 at
1027 3353 1044 3388 a
1070 3334 1122 3388 sori
1148 3352 1198 3388 usu
1220 3335 1319 3391 aliena.

272 3419 350 3474 Haec
365 3421 426 3492 ipsa
441 3422 506 3477 mihi
526 3440 609 3476 causa
625 3423 780 3476 servandae
796 3421 925 3493 vulgatae
938 3420 1056 3474 videtur.
1085 3418 1250 3473 Conceditur
1263 3419 1321 3489 phl-

272 3505 396 3576 losophis
421 3508 510 3561 oratio
536 3508 610 3561 loeta
633 3524 666 3560 ac
688 3507 787 3573 nitida,
813 3506 863 3561 sed
880 3524 897 3559 a
915 3506 1018 3559 lorensi
1035 3520 1085 3557 asu
1105 3504 1266 3558 amovenda.
1286 3533 1322 3546 ·-

274 3590 348 3658 alet]
373 3596 431 3645 ottt
453 3591 502 3664 Lg.
526 3592 566 3646 17.
585 3592 616 3645 91
637 3608 707 3645 corr.
734 3590 785 3646 Ga.
806 3591 828 3647 1.
854 3590 943 3644 Hevn.
964 3589 986 3644 1.
1005 3588 1023 3642 9
1040 3605 1080 3659 pr.
1099 3605 1134 3643 m.
1156 3588 1256 3645 orosa
1277 3589 1322 3658 (ln

272 3692 324 3746 rog.
344 3676 419 3743 olet]
439 3677 544 3746 recepit
563 3676 645 3740 Sch.;
666 3676 762 3746 paleas
779 3675 899 3746 frugibus
917 3673 1052 3745 praetulit

340 3793 383 3846 er.
421 3795 468 3861 aa]
488 3799 517 3847 er
531 3772 586 3865 ig.
609 3794 649 3848 ro.
671 3793 711 3848 ra.
730 3793 772 3848 ar.
791 3821 828 3835 -
854 3793 965 3860 atrro]
985 3791 1093 3846 contar
1112 3791 1165 3845 cu.
1179 3790 1204 3845 e.
1226 3790 1276 3863 ug.
1296 3789 1321 3845 a

274 3877 314 3932 16.
333 3876 375 3931 91.
391 3876 433 3934 65.
454 3877 494 3933 76.
514 3877 555 3933 73.
590 3883 721 3950 yraetter
738 3878 778 3932 76.
798 3906 833 3918 -·-
868 3878 1047 3948 atttatreem]
1070 3876 1249 3948 adttqtraem
1271 3874 1321 3947 Lg.

273 3961 316 4016 65.
327 3961 369 4016 76.
387 3988 423 4003 -·
447 3978 503 4034 pro
522 3963 651 4031 consule]
668 3964 709 4017 ric
723 3963 824 4016 diserte
839 3962 969 4031 scriptum
986 3961 1037 4016 Ga.
1053 3961 1076 4015 1.
1098 3961 1170 4015 llell.
1187 3969 1236 4013 aut
1252 3976 1322 4032 pro-

274 4045 379 4100 coma!
393 4053 440 4099 aut
453 4063 570 4119 procos.
583 4076 619 4087 —·
641 4045 789 4116 Ctltctam]
809 4045 915 4102 Ctetlta
932 4047 982 4118 hg.
992 4047 1031 4101 17.
1052 4044 1193 4100 Siciliam
1204 4045 1236 4098 81
1251 4061 1321 4098 corr.

277 4130 413 4187 thtltom
433 4130 526 4201 ploret
551 4141 578 4185 et
602 4130 653 4187 Gu.
676 4131 795 4187 1.9.-
831 4135 975 4186 reatorem
994 4129 1137 4198 temnas]
1161 4129 1245 4200 vulgo
1266 4128 1321 4182 lov.
