2942 4608
154 222 156 230 Α
261 270 358 345 nes
499 274 514 287 ”
661 264 1076 371 cressonis*

258 441 372 526 guntur
403 442 435 502 et
464 440 610 501 compunt
640 443 693 500 aut
726 443 797 500 ante
819 436 863 545 'in
894 436 965 521 ipso
998 452 1092 499 eursu
1125 434 1307 515 obruuntur,
1353 502 1356 507 .

259 577 353 645 quam
363 563 490 642 portum
508 554 694 639 conspicere
704 556 885 638 potuerunt!
917 549 998 617 Nam
1015 570 1109 638 qnam
1124 552 1178 619 diu
1193 551 1307 620 Crassi

239 662 319 741 'fnit
350 660 528 769 ambitionis
561 669 680 736 labore*
703 671 785 736 vita'
801 670 960 747 districta,
994 679 1059 734 tam
1090 670 1143 736 diu
1173 673 1307 758 privatis

259 793 363 876 magis
386 788 499 856 officiis
521 797 552 853 et
571 789 680 872 ingeni
700 788 795 853 laude
817 787 933 865 dormit,
956 806 1049 873 qnam
1069 786 1172 854 ductu
1193 789 1306 875 ampli-
1413 792 1420 796 ’

258 910 375 976 tudinis
403 915 456 972 aut
480 907 529 970 rei
549 903 694 990 publicae
721 905 882 989 dignitate.
926 902 989 983 Qui
1015 913 1118 970 autem
1145 924 1245 970 annus
1274 906 1304 970 ei

218 1066 223 1077 ·
258 1028 375 1114 primus
398 1022 438 1088 ab
458 1021 610 1088 honoram
626 1022 840 1108 perfunctione
861 1022 978 1088 aditum
996 1025 1132 1089 omnium
1149 1041 1305 1089 concessu

260 1145 302 1210 ad
333 1159 484 1208 summam
517 1144 732 1206 auctoritatem
763 1138 873 1218 dabat,
903 1142 932 1204 is
963 1141 1032 1206 eius
1064 1160 1187 1206 omnem
1217 1159 1305 1226 spem
1359 1208 1372 1225 ,

261 1270 353 1347 atque
381 1261 487 1326 omnia
506 1259 590 1324 vitae
618 1255 754 1323 consilia
778 1267 876 1324 morte
898 1259 1053 1343 pervertit.
1096 1257 1126 1323 8.
1152 1254 1223 1323 Fuit
1242 1256 1304 1323 hoc

258 1379 434 1445 luctuosum
465 1377 531 1441 suis
563 1373 711 1440 acerbum
740 1377 862 1462 patriae
893 1393 992 1459 grave
1022 1374 1115 1441 honis
1142 1375 1303 1453 omnibns3

260 1497 318 1562 sed
339 1497 364 1560 ii
383 1503 489 1560 tamen
509 1494 558 1558 rei
577 1491 723 1579 publicae
746 1512 841 1559 casus
863 1494 963 1559 secuti
984 1502 1068 1570 sunt,
1090 1492 1220 1558 etmihi
1240 1513 1303 1559 non

259 1622 367 1700 erepta
392 1610 430 1677 L.
453 1609 572 1677 Crasso
600 1630 621 1675 a
647 1610 708 1676 diis
735 1610 962 1676 immortalibus
987 1612 1069 1687 rita,
1102 1610 1159 1677 sed
1186 1612 1303 1677 donata

257 1752 342 1800 mors
369 1750 442 1797 esse
463 1728 616 1795 videatur.
658 1725 730 1793 Non
749 1728 827 1794 vidit
851 1728 1036 1813 flagrantem
1056 1726 1182 1795 Italiam
1205 1728 1300 1807 hello,

257 1870 321 1915 non
343 1848 504 1936 ardentem
523 1845 643 1911 invidia
665 1854 819 1924 senatum,
841 1866 905 1943 non
926 1820 1059 1912 sceleris
1080 1846 1197 1912 nefarii
1216 1849 1300 1934 prin-

258 1969 346 2052 cipes
372 1965 507 2030 oiritatis
529 1981 618 2038 reos,
645 1958 969 2042 nestorianistas.
994 1984 1059 2031 non
1077 1964 1223 2030 exsilium
1244 1985 1300 2049 ge-

241 2084 341 2160 neri,
368 2100 433 2146 non
454 2079 692 2179 acerbissimam
715 2075 749 2142 C.
772 2077 858 2145 Mari
884 2081 1005 2166 sugam,
1031 2092 1096 2147 non
1120 2082 1211 2149 illam
1230 2093 1300 2170 post

257 2199 390 2267 reditum
412 2200 480 2264 eius
503 2182 633 2262 eaedem
649 2199 785 2262 omnium
806 2197 1066 2277 crudelissimam,
1087 2221 1152 2266 non
1168 2201 1298 2286 denique

259 2418 295 2477 V.
310 2394 517 2489 explicationes.
534 2447 570 2462 ·-
594 2420 776 2493 potnerunt]
797 2422 950 2492 potnertnt
972 2418 1022 2490 Lg.
1042 2419 1068 2474 3.
1090 2421 1116 2475 5.
1141 2420 1167 2475 6.
1194 2421 1234 2477 15.
1258 2420 1297 2475 16.

257 2504 301 2559 20.
319 2503 361 2560 21.
386 2503 429 2558 65.
451 2503 670 2559 7117386.-
700 2522 792 2574 qnam
815 2504 880 2574 din]
904 2506 943 2558 sie
968 2504 1073 2558 divisim
1095 2503 1145 2575 Lg.
1162 2505 1188 2561 2.
1207 2505 1232 2559 3.
1255 2505 1297 2560 67.

257 2588 301 2644 81.
315 2587 358 2642 84.
371 2586 415 2642 86.
436 2596 464 2642 et
476 2606 542 2643 mox
561 2595 625 2643 tom
636 2591 690 2644 din
705 2590 732 2643 2.
744 2590 786 2645 23.
799 2588 841 2645 24.
859 2589 902 2644 67.
915 2589 957 2644 69.
977 2588 1017 2642 79.
1032 2589 1075 2643 76.
1091 2589 1133 2642 81.
1150 2588 1193 2644 84.
1208 2589 1298 2644 93.-

259 2672 412 2742 distrt'cta]
438 2672 587 2729 distracta
610 2674 662 2728 Gn.
679 2675 720 2741 3.,
743 2674 794 2746 Lg.
812 2674 837 2730 3.
861 2677 887 2729 4.
909 2674 933 2729 5.
953 2673 978 2728 6.
1005 2673 1045 2726 14.
1070 2673 1110 2729 15.
1132 2674 1172 2729 17.
1196 2674 1297 2729 21121.

258 2758 300 2813 23.
325 2757 366 2812 24.
390 2757 433 2812 35.
456 2758 500 2812 65.
522 2759 565 2813 67.
588 2759 630 2813 69.
657 2758 698 2814 76.
723 2759 766 2814 86.
784 2759 832 2829 93.
857 2759 896 2812 ita
920 2775 992 2811 corr.
1015 2758 1040 2812 2.
1065 2757 1107 2812 32.
1142 2757 1299 2815 Probabam

258 2842 416 2912 aliqnando,
428 2859 488 2895 cnm
498 2844 732 2913 praeterviderem
743 2844 822 2898 codd.
835 2845 999 2914 optimorum
1010 2841 1117 2898 duobus
1129 2843 1193 2897 solis
1206 2842 1257 2914 Lg.
1271 2847 1298 2900 4.

260 2927 311 2982 Gu.
330 2927 355 2982 3.
380 2935 508 2981 testatum
528 2945 604 2992 esse3
629 2936 773 2999 utrumqne
790 2931 863 2982 enim
880 2947 940 2982 cum
958 2928 1013 2998 per'
1025 2946 1057 2982 se
1074 2928 1173 2983 bonum
1189 2929 1239 2995 sit,
1264 2947 1300 2984 ex

258 3011 383 3068 codicum
395 3010 453 3066 fide
464 3012 637 3083 pendendum
652 3013 711 3067 erit.
736 3013 880 3067 destricta
895 3014 947 3067 Gu.
962 3012 985 3068 1.
996 3013 1021 3068 2.
1038 3012 1090 3083 Lg.
1102 3013 1134 3066 81
1151 3030 1179 3068 v.
1194 3022 1224 3076 nt
1233 3012 1298 3069 3.—

259 3096 371 3168 inpeni]
390 3099 487 3168 scripsi
503 3114 539 3149 ex
555 3095 606 3167 Lg.
619 3096 659 3152 13,
674 3096 716 3153 36.
729 3098 771 3153 65.
786 3127 822 3140 ·-
841 3114 936 3152 annos
954 3102 983 3152 ei
994 3096 1128 3170 primns]
1146 3099 1185 3151 ita
1201 3099 1299 3151 inverti

258 3182 334 3236 hiatu
356 3183 436 3236 simul
456 3182 543 3235 vitato
565 3183 713 3236 secundum
735 3181 786 3254 mg.
804 3183 829 3237 2.
846 3185 871 3238 4.
894 3183 934 3242 13.
953 3183 995 3238 32.
1014 3183 1057 3237 35.
1074 3182 1117 3237 36.
1134 3182 1177 3239 65.
1194 3183 1236 3237 84.
1253 3182 1297 3238 93.

229 3257 231 3262 ’
259 3268 311 3323 Gn.
323 3266 349 3322 3.
375 3275 404 3320 et
416 3272 537 3339 primns
553 3266 596 3322 24.
613 3297 649 3310 ·—
668 3267 705 3322 ab
722 3299 753 3308 -
765 3268 988 3341 perfunctione]
1007 3268 1049 3321 ad
1061 3267 1299 3339 perfunctionem

259 3352 311 3406 Gn.
330 3353 355 3405 3.
379 3350 563 3422 perfectione
579 3352 631 3424 Lg.
648 3352 674 3408 2.
694 3385 726 3395 -
753 3353 904 3425 concessos]
923 3370 1066 3409 consensu
1081 3352 1133 3425 Lg.
1151 3355 1176 3409 6.
1194 3353 1297 3408 21135.

260 3436 509 3492 mmcd&

344 3520 369 3575 8.
405 3519 489 3576 bonis
503 3522 649 3594 omnibns]
668 3524 752 3579 bonis
768 3524 881 3597 civibus
895 3522 1030 3580 omnibns
1047 3522 1097 3595 Lg.
1113 3524 1138 3579 6.
1165 3522 1300 3578 omnibns

259 3608 344 3663 bonis
362 3605 413 3661 Gu.
432 3608 454 3662 1.
485 3606 570 3662 donis
587 3607 754 3664 dominibus
773 3609 825 3666 Gu.
843 3608 868 3664 3.
887 3608 924 3653 μ’
949 3608 1002 3662 sed
1018 3608 1061 3678 tt]
1081 3609 1135 3662 sed
1151 3607 1185 3663 Iri
1205 3607 1256 3661 Gn.
1274 3606 1298 3660 2.

258 3693 329 3748 Vict.
347 3691 456 3765 11324.
476 3694 518 3747 32.
535 3694 578 3748 36.
596 3693 639 3750 65.
658 3696 700 3749 67.
718 3695 760 3750 69.
779 3693 938 3750 7117381.
957 3692 1000 3748 84.
1017 3692 1060 3748 86.
1077 3720 1113 3735 ν-
1141 3696 1189 3747 rei
1202 3684 1299 3765 putta

252 3778 324 3848 scae]
348 3780 388 3832 sic
410 3780 520 3832 correxi
544 3797 580 3832 ex
601 3778 774 3851 Lg.13.15.
798 3780 838 3835 16.
862 3779 965 3834 7673.
1005 3796 1037 3831 re
1048 3777 1173 3850 publico
1189 3777 1239 3842 136.
1257 3775 1300 3831 69.

258 3863 405 3936 vulgatum
428 3864 658 3936 rempublicam
683 3881 718 3917 ex
736 3881 870 3934 perversa
892 3864 1120 3935 interpretatione
1138 3863 1224 3934 siglae
1240 3860 1297 3916 RP.

259 3957 321 4003 orta
344 3956 394 4002 est.
412 3973 447 3989 -
472 3950 654 4019 stuprantem
674 3946 799 4001 Italiam
821 3948 908 4019 dello]
922 3950 973 4003 sio
998 3965 1058 4002 cnm
1077 3946 1171 4018 figura
1185 3948 1300 4018 χιασμῷ

259 4032 311 4085 Gu.
329 4033 354 4085 3.
379 4030 450 4083 Vict.
475 4030 525 4101 Lg.
545 4033 570 4086 3.
590 4032 615 4086 5.
642 4030 801 4087 131415.
822 4033 862 4088 16.
885 4033 928 4088 26.
946 4032 988 4089 21.
1006 4034 1049 4088 23.
1068 4032 1110 4088 24.
1131 4034 1173 4088 35.
1192 4033 1234 4089 36.
1253 4030 1298 4086 65.

251 4115 302 4169 67.
319 4113 361 4169 69.
381 4113 422 4169 76.
439 4113 482 4172 73.
505 4115 548 4172 86.
565 4116 608 4172 93.
629 4116 668 4171 its
686 4132 756 4172 corr.
775 4117 819 4174 32.
836 4144 872 4162 -
886 4133 960 4174 non
981 4116 1148 4188 ardentem]
1168 4133 1228 4174 non
1246 4132 1298 4172 om
