2938 4590
267 313 365 393 252
660 302 923 375 ctcssttoltts

266 480 349 568 quod
372 481 407 545 in
434 498 469 545 re
493 479 629 565 positum
653 466 720 556 est}
748 494 829 561 quae
855 484 926 543 suut
946 473 1074 561 propria
1093 483 1315 561 ροηιοιιιαιιιιιι

265 599 468 674 facetiarum,
499 592 533 661 in
564 594 677 682 quibus
709 593 928 659 describuntur
956 591 1115 659 hominurn
1145 612 1252 658 mores
1282 603 1318 659 et

265 718 311 781 ita
332 714 532 798 effinguntur,
559 723 592 777 ut
619 722 672 778 aut
692 730 727 776 re
753 720 884 777 narrata
906 709 1014 796 aliqua
1045 710 1158 795 quales
1180 714 1243 775 sint
1264 713 1317 775 iu-

264 833 455 917 tellegantur
480 841 533 897 aut
547 830 731 895 'imitatione
757 828 846 894 brevi
868 829 985 894 iniecta
1010 830 1044 892 in
1066 828 1173 914 aliquo
1195 830 1315 912 insigni

266 952 307 1017 ad
338 948 529 1015 irridendum
558 949 635 1013 vitio
666 948 871 1033 reperiantur.
923 944 996 1010 244.
1027 943 1062 1010 lu
1093 946 1177 1012 dicto
1209 957 1315 1013 autern

265 1066 431 1133 ridiculum
452 1076 501 1132 est
522 1065 568 1142 id,
595 1059 678 1150 quo'd
698 1064 787 1130 verbi
810 1073 863 1129 aut
884 1065 1058 1129 sententiae
1080 1063 1215 1149 quodam
1238 1084 1315 1131 acu·

187 1262 190 1267 ,
266 1187 350 1251 mine
372 1193 520 1250 mouetur.
565 1180 632 1249 Sed
658 1183 744 1247 utin
764 1182 821 1248 illo
844 1183 1005 1268 superlore
1026 1200 1144 1265 genere
1165 1181 1218 1248 vel
1238 1202 1315 1249 nar·

266 1304 399 1370 rationis
420 1300 474 1367 vel
488 1301 671 1366 imitationis
692 1298 822 1365 uuanda
842 1308 891 1364 est
912 1301 1075 1376 mimorum
1096 1297 1314 1383 ethologorum

268 1418 452 1495 similitudo,
480 1418 527 1482 sic
554 1419 586 1481 in
612 1415 673 1483 hoo
700 1416 844 1482 scurrilis
870 1418 990 1482 oratori
1016 1415 1170 1482 dicacitas
1197 1437 1314 1503 magno

268 1557 362 1625 opere
392 1534 544 1619 fugienda
569 1543 627 1599 est.
681 1530 742 1612 Qui
770 1535 865 1617 igitur
894 1532 1120 1617 distinguemus
1147 1554 1167 1599 a
1193 1532 1314 1603 Crasso

268 1676 289 1723 a
306 1653 419 1720 Catulo
442 1653 595 1719 aectoris
617 1650 807 1717 familiarem
827 1660 964 1715 vestrum
987 1648 1138 1716 Granium
1159 1664 1212 1718 aut
1232 1652 1314 1720 Var-

267 1773 374 1861 gulam
406 1772 540 1837 amicum
555 1773 689 1835 ‘meunt
730 1772 753 1847 †
780 1765 851 1835 Non
876 1786 926 1834 me
952 1765 1087 1836 Hercule
1120 1772 1154 1836 in
1179 1772 1314 1839 mentem

269 1992 297 2044 ln
321 1989 379 2042 Ald.
403 1985 499 2040 Lamb.
517 2014 553 2027 -
580 1986 717 2058 proprio]
741 2001 794 2040 orn.
819 1984 870 2039 Gu.
889 1985 913 2040 1.
932 2017 967 2026 -
989 1994 1104 2060 perpet.
1126 1987 1231 2062 lueet]
1256 1992 1311 2049 inua

255 2068 558 2145 69143367.-
586 2069 805 2140 intellequnlur]
828 2071 924 2140 scripsi
945 2089 979 2124 ex
998 2069 1048 2143 Lg.
1068 2072 1108 2126 13.
1127 2072 1168 2128 36.
1204 2078 1313 2132 intelte-

269 2165 360 2232 φατιιι·
377 2157 417 2211 17.
435 2183 471 2196 -
493 2153 591 2222 brevi]
612 2153 748 2218 breuiter,
768 2154 916 2220 othonna,
936 2154 985 2226 Lg.
1001 2156 1026 2209 3.
1040 2158 1065 2210 4.
1077 2156 1119 2212 36.
1138 2158 1168 2211 81
1186 2177 1257 2214 corr.
1269 2162 1311 2218 84.

270 2244 321 2299 Gu.
340 2242 364 2297 3.
383 2269 419 2283 —-
436 2238 621 2294 irridendum
639 2228 723 2307 ultio]
741 2239 810 2293 haec
827 2257 880 2293 om.
897 2239 946 2310 lug.
960 2243 984 2296 4.
1005 2240 1056 2296 Gu.
1070 2240 1094 2295 3.
1122 2243 1312 2302 inridendum

269 2328 320 2400 ng.
337 2325 380 2381 65.
399 2326 440 2380 76.
460 2324 501 2379 73.
532 2323 723 2378 invidendum
739 2324 781 2379 69.
811 2324 970 2379 ridendum
989 2324 1029 2380 15.
1048 2324 1144 2383 Lamb.
1173 2331 1313 2387 adridem-

269 2413 342 2467 dum
361 2411 413 2466 Gu.
434 2409 458 2464 1.

354 2530 413 2583 344.
449 2528 491 2591 to,
509 2526 775 2600 qood]·tdqueLg.
789 2529 864 2584 3.-
880 2532 1044 2603 superiore]
1062 2495 1212 2603 sonorum
1223 2536 1272 2609 Lg.
1286 2540 1310 2595 3.

272 2614 312 2672 15.
328 2614 370 2670 36.
389 2644 420 2654 -
438 2612 563 2666 vitando
580 2614 642 2682 est]
659 2613 802 2668 vitandae
818 2631 840 2669 s.
858 2614 981 2668 uitanda
997 2615 1047 2687 ng.
1061 2616 1086 2669 3.
1099 2617 1141 2671 36.
1156 2618 1198 2674 31.
1213 2622 1255 2676 36.
1268 2625 1310 2680 65.

271 2702 323 2757 Gu.
344 2700 367 2753 l.
399 2703 443 2752 est
460 2706 605 2767 praeterea
623 2714 675 2752 om.
696 2714 764 2767 qnos
783 2697 841 2750 dlxi
858 2706 885 2751 et
902 2699 926 2753 3.
945 2700 969 2754 4.
988 2700 1014 2752 5.
1032 2700 1057 2754 6.
1078 2700 1117 2755 13.
1136 2701 1178 2758 35.
1195 2731 1232 2747 »-
1255 2715 1311 2764 mr.

272 2865 312 2925 13.
327 2867 425 2923 3133.
440 2864 483 2920 34.
501 2861 543 2920 35.
559 2864 600 2920 36.
617 2868 658 2921 73.
677 2864 720 2921 86.
738 2866 792 2934 93,
810 2884 881 2937 quae
899 2868 999 2921 menda
1016 2880 1132 2940 propter
1150 2873 1312 2933 vocabulum
1349 2904 1354 2920 ν

270 2968 388 3023 seqruens
403 2950 523 3020 irrepsit,
540 2951 568 3002 in
583 2967 637 3018 quo
656 2951 761 3020 pariter
778 2960 861 3022 atque
875 2952 900 3019 §.
911 2952 971 3006 343.
990 2963 1120 3022 peccatur
1131 2956 1311 3031 multifariam,

271 3047 301 3091 ut
314 3045 395 3111 ⁹recta
413 3030 548 3104 scriptura
566 3036 594 3087 in
612 3035 680 3088 solis
698 3052 820 3089 meorum
840 3036 880 3090 17.
895 3036 938 3091 34.
954 3037 996 3092 76.
1011 3038 1053 3093 81.
1072 3050 1183 3095 servata
1200 3045 1244 3111 sit,
1262 3050 1311 3103 nisi

269 3122 298 3176 lu
321 3115 460 3175 enotoudo
485 3119 585 3173 erravi.
606 3148 635 3159 -
671 3121 803 3186 oraton]
828 3125 957 3174 oratoris
981 3122 1031 3194 Lg.
1051 3123 1076 3179 3.
1095 3127 1119 3180 4.
1145 3125 1185 3181 13.
1209 3129 1251 3185 36.
1271 3133 1309 3188 76.

271 3201 323 3263 Gn,
342 3205 367 3259 3.
387 3236 418 3246 -
450 3219 562 3274 mayoc
586 3202 685 3276 opere]
709 3205 749 3258 sic
772 3204 857 3258 llenr.
875 3207 969 3260 nescio
989 3209 1076 3274 unde3
1103 3209 1205 3270 habent
1224 3224 1311 3272 autem

270 3291 320 3363 Lg.
340 3289 380 3345 13.
400 3285 442 3342 33.
461 3285 502 3341 36.
521 3315 557 3329 -
581 3293 633 3358 qul
650 3290 754 3360 icitur]
772 3290 846 3359 qnid
863 3293 955 3362 iyttnr
970 3291 1020 3363 Lg.
1038 3303 1150 3363 praeter
1167 3296 1190 3351 3.
1211 3299 1250 3354 13.
1271 3301 1309 3358 14.

270 3375 313 3430 33.
338 3371 380 3428 33.
404 3369 447 3426 35.
474 3372 517 3426 36.
540 3373 582 3427 67.
607 3373 666 3439 84,
694 3375 759 3427 item
785 3375 856 3428 vict.
884 3374 934 3431 Gu.
954 3376 979 3429 3.
1010 3379 1049 3431 ito
1072 3396 1143 3435 corr.
1167 3382 1191 3436 3.
1217 3383 1258 3439 33.
1277 3415 1311 3428 —-

275 3457 452 3529 ¹Verqnlom]
474 3457 636 3528 ulrffltlnm,
654 3458 821 3530 torosulum,
840 3459 1009 3531 vernulium
1025 3471 1053 3517 et
1070 3465 1129 3517 aliis
1148 3468 1236 3521 modis
1253 3470 1311 3527 lilul

271 3550 395 3617 peccaut.
412 3570 448 3583 -
473 3558 521 3594 mc
539 3538 678 3611 Hercule]
702 3543 810 3598 divisim
828 3544 881 3600 Gu.
901 3545 923 3599 1.
941 3547 966 3600 3.
991 3545 1040 3618 hg.
1059 3547 1084 3602 3.
1104 3551 1128 3603 5.
1149 3550 1190 3605 16.
1210 3554 1250 3608 17.
1270 3555 1308 3609 31.

270 3628 313 3683 67.
331 3626 374 3681 69.
400 3626 441 3680 711.
460 3626 501 3681 76.
526 3625 567 3681 81.
586 3624 627 3682 84.
647 3623 691 3682 86.
727 3627 838 3682 ΙΙΙοιιιιιι
860 3647 923 3699 pars
949 3647 986 3682 ne
1009 3631 1141 3698 hercole,
1166 3646 1196 3690 ιιι
1218 3636 1268 3710 Lg.
1287 3639 1309 3694 3.

183 3770 187 3775 ,
271 3712 314 3768 67.
328 3712 370 3767 69.
395 3712 447 3765 Gn.
463 3710 487 3765 l.
502 3710 527 3765 3.
559 3708 705 3765 mehercle
722 3712 765 3768 36.
784 3710 827 3768 65.
847 3714 918 3769 vict.
948 3716 1006 3769 Sed
1023 3718 1070 3771 illa
1087 3719 1179 3774 omnia
1194 3739 1252 3776 aon
1266 3741 1310 3777 me

272 3795 399 3851 Hercule
417 3800 448 3850 1ιι
463 3801 593 3849 meatem
609 3796 686 3850 mitt
702 3797 822 3866 quidem
837 3799 919 3851 uenit
934 3810 1061 3870 suspecta
1078 3803 1212 3860 videntur.
1242 3807 1308 3862 Num

272 3890 299 3934 et
322 3898 390 3933 sane
414 3881 441 3932 in
463 3889 580 3933 mentem
603 3880 717 3933 Caesari
739 3884 831 3935 veuit:
858 3883 923 3936 dicto
946 3887 1017 3938 enim
1040 3887 1129 3940 statim
1154 3906 1209 3958 quo
1231 3893 1309 3945 modo

272 3965 390 4017 Granius
409 3972 438 4016 et
455 3963 576 4033 Vargula
604 3981 622 4015 a
645 3962 745 4016 Crasso
770 3964 905 4020 Getulove
929 3967 1146 4041 distinguantur3
1179 3984 1206 4027 et
1228 3978 1310 4030 verba

272 4045 340 4099 sunl
362 4051 442 4100 enim
465 4046 582 4098 dicaces
605 4048 645 4098 sic
667 4054 770 4100 tantum
794 4058 870 4103 recte
895 4052 1007 4122 intelligi
1030 4065 1158 4123 possunt,
1189 4075 1248 4111 curn
1270 4076 1309 4113 re·

273 4131 395 4184 tenuntur
408 4131 444 4182 od
459 4130 545 4218 urimo
556 4129 602 4182 illa
619 4134 775 4202 quatiantur·
788 4134 1003 4206 distinqoemas
1016 4153 1036 4189 a
1052 4136 1169 4203 Crasso,
1187 4143 1237 4197 sed
1253 4161 1309 4199 crum
