2942 4608
288 338 387 409 m
502 393 512 409 ..
539 342 544 349 '
684 327 944 399 ululationis

290 504 471 589 obstrapere
488 501 660 569 videantur.
692 501 745 566 51.
767 499 891 576 Venulo,
914 501 942 565 si
955 498 1069 587 placet
1091 501 1239 585 quoniam
1254 498 1343 565 llaec

290 624 370 689 satis
391 640 486 708 spero
505 619 596 687 vobio
622 619 748 705 quidm
772 628 856 683 certe
878 616 1050 684 maioribus
1071 616 1207 683 molesta
1227 628 1260 682 et
1279 637 1344 704 pu-

290 739 357 805 tida
377 739 491 815 uideri,
514 737 556 803 ad
575 735 700 821 reliqua
721 735 881 822 aliquanto
903 736 1067 802 odiosiora
1087 754 1265 821 pergamus.

376 854 460 923 xlv.
503 853 600 940 Atqui
619 853 725 932 videa,
747 857 846 940 inquit
865 853 1035 930 Antonius,
1062 872 1155 938 ᾳιιιιιιι
1177 852 1261 917 alias
1280 873 1341 917 res

292 993 439 1060 agamus,
467 992 560 1058 qum
584 982 615 1038 te
642 973 730 1038 inviti
757 970 935 1048 audiamus,
965 972 1018 1057 qui
1044 970 1158 1035 adduci
1179 972 1342 1056 possimus

231 1120 234 1131 ¹
293 1094 347 1175 (dc
363 1111 412 1159 utc
435 1092 517 1157 enim
537 1091 685 1172 conicio),
706 1087 826 1154 relictis
848 1099 881 1174 ut
902 1088 1045 1155 omuibus
1066 1087 1161 1153 rebus
1182 1097 1213 1152 te
1235 1098 1343 1187 secte-

258 1220 261 1227 '
293 1230 376 1287 ιιιιιι,
400 1212 473 1288 †.tc
496 1207 677 1283 audiamus;
704 1208 750 1272 ita
773 1207 811 1273 de
833 1205 970 1272 horridis
990 1205 1086 1270 rebus
1106 1205 1208 1270 nitida
1228 1204 1266 1270 de
1288 1206 1341 1269 ie-

293 1331 376 1395 iunis
397 1326 493 1414 plena
518 1325 556 1390 de
577 1323 770 1411 pervulgatis
795 1343 879 1390 nova
904 1323 1058 1410 quaedam
1080 1333 1128 1387 eat
1141 1324 1251 1389 'oratio
1272 1333 1340 1388 tua.

292 1447 345 1512 52.
366 1442 492 1510 Faciles
508 1444 601 1519 eninr,
623 1443 730 1527 inquit,
751 1441 878 1519 Antoni,
899 1451 1080 1528 parteseae
1102 1439 1225 1505 fuerunt
1247 1440 1339 1515 duae,

139 1549 143 1565 ’
260 1550 266 1603 ³²
294 1582 374 1650 quas
400 1560 493 1628 modo
515 1561 695 1646 percucurri
715 1559 766 1626 uel
786 1561 889 1646 potius
910 1577 1011 1644 praeno
1032 1559 1196 1644 praeterii,
1223 1555 1339 1623 Latine

293 1678 443 1766 loquendi
472 1675 627 1764 planeque
661 1677 803 1755 diceudi3
841 1677 982 1762 reliquae
1013 1686 1249 1767 suut‘magnae
1281 1678 1341 1741 inr-

294 1800 431 1888 plicatae
456 1796 566 1863 variae
592 1815 723 1881 graues,
749 1792 863 1881 «suibus
889 1797 991 1860 omnis
1018 1793 1183 1860 admiruio
1210 1797 1338 1879 ingenii,

381 2014 424 2067 51.
460 2010 544 2078 hacc]
575 2009 649 2067 leuce
673 2011 808 2080 eptctdem
832 2009 881 2081 Lg.
907 2009 947 2066 la
972 2010 1007 2064 99
1028 2027 1056 2064 v.
1080 2027 1106 2066 ιι.
1125 2004 1144 2064 s.
1172 2011 1253 2078 eique
1276 2016 1341 2080 post

295 2099 414 2171 peridem
432 2113 484 2152 orn.
505 2126 535 2134 -
555 2093 733 2162 maioribus]
751 2095 854 2148 addunt
871 2102 945 2148 notu
964 2095 1098 2165 quaedam
1116 2095 1194 2161 edd„
1214 2104 1244 2147 ut
1261 2093 1337 2148 Mau.

381 2198 453 2253 xlv.
490 2213 580 2267 petam
598 2195 678 2250 ulios
694 2197 754 2263 res]
778 2197 817 2249 sic
834 2197 914 2249 codd.
932 2198 1093 2267 scripturam
1112 2210 1179 2249 cutm
1196 2190 1274 2249 alios
1290 2213 1340 2248 res
1397 2250 1401 2255 ,

298 2290 477 2339 correxerunt
489 2280 631 2334 Manutius
651 2289 679 2335 et
692 2280 855 2347 Lambinus3
873 2283 973 2336 accidit
989 2299 1059 2335 ucruc
1076 2281 1155 2336 codd.
1175 2280 1224 2351 Lg.
1241 2280 1338 2336 1631.

297 2371 349 2427 Gu.
369 2369 391 2425 l.
409 2368 435 2423 1.
459 2367 532 2422 vict.
550 2367 741 2420 testimouium.
758 2393 795 2407 —-
820 2380 911 2436 quum
934 2373 962 2419 te
985 2370 1072 2420 inuiti
1089 2367 1264 2429 audiamus,
1290 2370 1340 2435 pai

224 2523 228 2531 ,
298 2455 411 2509 adduci
421 2453 589 2526 possimus]
608 2455 763 2524 possimus
780 2452 898 2504 restituit
914 2451 999 2507 Heur.
1020 2469 1055 2505 ex
1073 2451 1135 2504 edd.
1153 2451 1292 2520 antiquiss.
1312 2458 1340 2504 et

208 2576 212 2589 s
298 2540 432 2593 accedunt
455 2536 505 2607 Lg.
524 2537 565 2591 70.
584 2535 626 2590 81.
644 2535 687 2590 93.
723 2536 781 2590 Sed
804 2536 878 2605 quod
900 2536 970 2588 idem
993 2537 1031 2589 ait
1049 2535 1162 2590 verbum
1180 2537 1340 2590 erudiamus

298 2625 333 2683 ab
350 2624 422 2677 Aldo
445 2622 576 2675 insertum
594 2638 670 2687 esse,
695 2630 725 2674 ut
746 2621 869 2675 codicum
887 2621 1050 2690 corruptelis
1066 2620 1238 2686 mederetur,
1258 2620 1343 2689 idque

298 2728 335 2765 ex
352 2708 433 2763 codd.
452 2707 575 2777 quamvis
595 2706 859 2777 corruptissimorum
875 2705 999 2775 vestigiis
1014 2714 1125 2776 potere,
1143 2706 1268 2759 assentiri
1284 2723 1342 2759 uon

297 2810 418 2866 possum.
451 2790 563 2860 Quippe
580 2808 669 2860 quum
689 2797 718 2843 te
736 2795 768 2845 in
785 2793 862 2843 cilia
881 2793 933 2859 pici
949 2788 1061 2842 adduci
1074 2807 1154 2861 poss.
1172 2789 1261 2848 Havo.
1277 2789 1340 2844 11.

298 2878 425 2949 plerique
448 2874 527 2929 codd.
554 2874 632 2930 Grut.
656 2872 729 2929 011.
754 2891 864 2940 omnes,
888 2874 940 2927 nisi
966 2874 1039 2945 qrrod
1062 2873 1171 2929 obduci
1190 2895 1215 2929 a.
1236 2886 1284 2943 up„
1312 2883 1343 2928 ut

299 2963 350 3032 Lg.
367 2962 398 3017 15
411 2968 438 3013 et
452 2958 487 3012 93
498 2976 585 3024 corr.;
605 2966 718 3029 quanta
736 2961 768 3012 ιἰι
784 2962 859 3013 uitia
877 2963 930 3029 qui
945 2958 1015 3013 add.
1029 2977 1114 3032 poss.
1133 2959 1193 3014 Pul.
1207 2959 1233 3013 8.
1250 2958 1301 3029 Lg.
1315 2959 1341 3012 6.

299 3062 390 3119 poam
409 3050 438 3096 te
456 3046 545 3097 inulti
562 3047 615 3114 qui
633 3044 758 3098 adducti
772 3061 852 3116 poss.
869 3042 928 3098 Erl.
964 3061 1030 3098 crem
1051 3050 1079 3098 lc
1101 3049 1133 3098 itt
1149 3048 1225 3099 citio
1242 3045 1342 3098 deiude

300 3137 330 3183 ut
352 3128 442 3184 Havu.
461 3128 484 3184 l.
516 3128 567 3183 Gu.
587 3128 653 3184 11.
690 3129 748 3181 Sed
777 3146 844 3182 cutm
867 3135 896 3181 te
919 3132 1007 3183 iuviti
1032 3129 1193 3183 audiamus
1218 3131 1341 3184 distincta

299 3214 429 3285 scriptum
447 3214 474 3266 in
491 3212 540 3283 lug.
556 3212 594 3266 ll.
607 3212 648 3267 13.
665 3213 707 3267 67.
719 3211 760 3266 76.
785 3213 855 3268 Rell.
871 3213 951 3267 codd.
969 3231 1060 3283 quom
1078 3221 1107 3267 te
1126 3202 1222 3279 inuiti,
1242 3216 1340 3269 omisso

300 3300 468 3355 audiamus.
504 3296 566 3352 Nec
583 3296 761 3352 lleuricltseui
777 3298 859 3368 igitur
875 3315 928 3352 nec
941 3297 1076 3371 Madvigii
1091 3300 1262 3370 suspiciones
1279 3318 1341 3370 pro-

299 3385 367 3439 ltere
384 3398 511 3453 possum,
534 3399 647 3450 quorum
670 3382 717 3436 ille
739 3400 830 3453 quom
849 3400 868 3436 a
886 3391 915 3436 tc
940 3387 1030 3438 inuiti
1050 3384 1163 3441 adduci
1177 3389 1340 3456 possimus,

300 3468 345 3521 luc
368 3470 420 3536 qui
440 3484 460 3519 a
478 3473 506 3519 te
527 3483 587 3521 aon
609 3470 696 3522 incili
713 3466 826 3522 adduci
841 3471 991 3540 possimus
1008 3469 1133 3540 coniecit,
1167 3468 1341 3524 Proltalrilius
1371 3460 1375 3471 ’

301 3552 373 3605 euim
396 3552 504 3607 videtur
525 3552 606 3618 illud,
636 3551 709 3621 quod
732 3563 796 3624 post
820 3560 964 3608 sectemur
985 3554 1100 3625 legitur,
1130 3559 1160 3606 te
1183 3555 1342 3611 audiamus

186 3694 199 3705 ,
301 3636 412 3703 delere,
430 3637 503 3708 quod
521 3639 718 3708 interpretandi
736 3639 823 3709 gratia
839 3639 927 3692 verlro
945 3639 1081 3691 sectanda·
1096 3639 1244 3708 ascriptum
1260 3638 1342 3693 lusae

300 3721 419 3775 videtur.
434 3748 471 3764 »-
487 3725 613 3791 conicio]
631 3724 728 3794 scripsi
747 3740 783 3776 ex
800 3722 849 3794 ag.
868 3723 970 3789 519,
989 3740 1050 3777 curu
1068 3718 1165 3794 quilius
1183 3728 1341 3778 sortitione

301 3807 456 3878 conspirat,
475 3807 549 3879 quod
565 3807 665 3878 legitur
681 3807 708 3860 in
724 3807 795 3861 Vict.
815 3808 864 3880 lug.
884 3808 925 3863 16.
943 3808 985 3862 65.
1003 3807 1046 3861 69.
1065 3808 1107 3861 79.
1127 3808 1168 3863 73.
1185 3807 1228 3862 61.
1247 3808 1289 3864 84.
1306 3838 1341 3851 -—

298 3890 436 4028 ἱιπιιιὶὂιιὲ
451 3891 549 4027 regua]
567 3892 607 3944 sic
624 3892 801 3946 invertendus
818 3893 965 3948 verborum
982 3893 1051 3946 ordo
1068 3892 1119 3947 luit
1136 3911 1172 3947 ex
1188 3892 1240 3963 [ις.
1259 3894 1341 3948 omul-

318 3991 351 4028 ua
368 3984 397 4029 et
440 3992 466 4030 u.
502 4013 510 4026 .

383 4074 425 4129 51.
459 4072 580 4142 faciles]
596 4073 701 4142 facilis
713 4076 814 4129 vitiose
828 4076 877 4147 Lg.
891 4078 964 4134 xlv.
979 4109 1015 4120 —
1032 4080 1231 4150 eustermonat]
1248 4079 1340 4150 laad.

300 4155 350 4226 bg.
361 4156 403 4212 11.
419 4156 461 4213 13.
477 4158 577 4214 6169.
597 4188 627 4198 -
642 4162 836 4231 persecuturi]
849 4168 990 4236 pcrerrrri
1004 4163 1055 4235 Lg.
1073 4165 1114 4221 16.
1130 4165 1172 4222 19.
1184 4166 1226 4221 13.
1240 4166 1284 4225 65.
1299 4165 1340 4220 69.
