<?xml version="1.0" encoding="UTF-8"?>
<!DOCTYPE html PUBLIC "-//W3C//DTD XHTML 1.0 Transitional//EN"
    "http://www.w3.org/TR/xhtml1/DTD/xhtml1-transitional.dtd">
<html xmlns="http://www.w3.org/1999/xhtml" xml:lang="en" lang="en">
 <head>
  <title>
</title>
<meta http-equiv="Content-Type" content="text/html;charset=utf-8" />
  <meta name='ocr-system' content='tesseract 3.04.00' />
  <meta name='ocr-capabilities' content='ocr_page ocr_carea ocr_par ocr_line ocrx_word'/>
</head>
<body>
  <div class='ocr_page' id='page_1' title='image "./mtulliciceronis00ellegoog/mtulliciceronis00ellegoog_0205.png"; bbox 0 0 2980 4602; ppageno 0'>
   <div class='ocr_carea' id='block_1_1' title="bbox 249 284 1058 401">
    <p class='ocr_par' dir='ltr' id='par_1_1' title="bbox 249 284 1058 401">
     <span class='ocr_line' id='line_1_1' title="bbox 249 284 1058 401; baseline -0.017 -10"><span class='ocrx_word' id='word_1_1' title='bbox 249 284 333 391; x_wconf 72' lang='grc' dir='ltr'>ιιι</span> <span class='ocrx_word' id='word_1_2' title='bbox 481 370 483 375; x_wconf 84' lang='lat'><strong>.</strong></span> <span class='ocrx_word' id='word_1_3' title='bbox 615 309 924 401; x_wconf 71' lang='lat' dir='ltr'>&#39;crcaaours</span> <span class='ocrx_word' id='word_1_4' title='bbox 1020 306 1058 323; x_wconf 73' lang='grc'>”</span> 
     </span>
    </p>
   </div>
   <div class='ocr_carea' id='block_1_2' title="bbox 251 458 1407 1169">
    <p class='ocr_par' dir='ltr' id='par_1_2' title="bbox 251 458 1407 1169">
     <span class='ocr_line' id='line_1_2' title="bbox 251 458 1299 570; baseline -0.002 -19"><span class='ocrx_word' id='word_1_5' title='bbox 251 486 400 551; x_wconf 84' lang='lat' dir='ltr'>mamitate</span> <span class='ocrx_word' id='word_1_6' title='bbox 416 480 595 562; x_wconf 62' lang='lat' dir='ltr'>veruactum</span> <span class='ocrx_word' id='word_1_7' title='bbox 617 479 738 549; x_wconf 78' lang='lat' dir='ltr'>selme</span> <span class='ocrx_word' id='word_1_8' title='bbox 752 458 887 549; x_wconf 81' lang='lat' dir='ltr'>Hercule</span> <span class='ocrx_word' id='word_1_9' title='bbox 908 473 973 547; x_wconf 84' lang='lat' dir='ltr'>moa</span> <span class='ocrx_word' id='word_1_10' title='bbox 993 481 1040 547; x_wconf 87' lang='lat' dir='ltr'>ita</span> <span class='ocrx_word' id='word_1_11' title='bbox 1059 481 1187 549; x_wconf 85' lang='lat' dir='ltr'>multem</span> <span class='ocrx_word' id='word_1_12' title='bbox 1205 485 1299 570; x_wconf 80' lang='lat' dir='ltr'>spatii</span> 
     </span>
     <span class='ocr_line' id='line_1_3' title="bbox 251 596 1298 687; baseline 0 -19"><span class='ocrx_word' id='word_1_13' title='bbox 251 602 328 675; x_wconf 80' lang='lat' dir='ltr'>milii</span> <span class='ocrx_word' id='word_1_14' title='bbox 348 601 467 668; x_wconf 80' lang='lat' dir='ltr'>habere</span> <span class='ocrx_word' id='word_1_15' title='bbox 487 601 644 679; x_wconf 79' lang='lat' dir='ltr'>violentur,</span> <span class='ocrx_word' id='word_1_16' title='bbox 666 603 695 665; x_wconf 88' lang='lat' dir='ltr'>si</span> <span class='ocrx_word' id='word_1_17' title='bbox 716 596 808 668; x_wconf 79' lang='lat' dir='ltr'>modo</span> <span class='ocrx_word' id='word_1_18' title='bbox 830 614 873 665; x_wconf 80' lang='lat' dir='ltr'>ea&#39;</span> <span class='ocrx_word' id='word_1_19' title='bbox 893 599 999 665; x_wconf 85' lang='lat' dir='ltr'>lacere</span> <span class='ocrx_word' id='word_1_20' title='bbox 1021 609 1052 665; x_wconf 87' lang='lat' dir='ltr'>et</span> <span class='ocrx_word' id='word_1_21' title='bbox 1072 603 1220 687; x_wconf 75' lang='lat' dir='ltr'><strong>persequi</strong></span> <span class='ocrx_word' id='word_1_22' title='bbox 1241 613 1298 668; x_wconf 74' lang='lat' dir='ltr'>uo·</span> 
     </span>
     <span class='ocr_line' id='line_1_4' title="bbox 251 710 1300 805; baseline -0.001 -20"><span class='ocrx_word' id='word_1_23' title='bbox 251 720 331 798; x_wconf 84' lang='lat' dir='ltr'>leat,</span> <span class='ocrx_word' id='word_1_24' title='bbox 355 739 435 805; x_wconf 82' lang='lat' dir='ltr'>quae</span> <span class='ocrx_word' id='word_1_25' title='bbox 459 728 545 795; x_wconf 91' lang='lat' dir='ltr'>ate,</span> <span class='ocrx_word' id='word_1_26' title='bbox 569 715 702 795; x_wconf 80' lang='lat' dir='ltr'>Crasse,</span> <span class='ocrx_word' id='word_1_27' title='bbox 727 710 895 804; x_wconf 82' lang='lat' dir='ltr'>praccepta</span> <span class='ocrx_word' id='word_1_28' title='bbox 917 725 1003 793; x_wconf 80' lang='lat' dir='ltr'>suut3</span> <span class='ocrx_word' id='word_1_29' title='bbox 1032 719 1084 802; x_wconf 91' lang='lat' dir='ltr'>qui</span> <span class='ocrx_word' id='word_1_30' title='bbox 1107 716 1183 782; x_wconf 81' lang='lat' dir='ltr'>milri</span> <span class='ocrx_word' id='word_1_31' title='bbox 1204 732 1300 804; x_wconf 88' lang='lat' dir='ltr'>prope</span> 
     </span>
     <span class='ocr_line' id='line_1_5' title="bbox 252 812 1300 934; baseline -0.002 -31"><span class='ocrx_word' id='word_1_32' title='bbox 252 840 347 905; x_wconf 85' lang='lat' dir='ltr'>etiam</span> <span class='ocrx_word' id='word_1_33' title='bbox 368 838 460 934; x_wconf 84' lang='lat' dir='ltr'>nimis</span> <span class='ocrx_word' id='word_1_34' title='bbox 482 816 583 900; x_wconf 86' lang='lat' dir='ltr'>duras</span> <span class='ocrx_word' id='word_1_35' title='bbox 609 812 738 919; x_wconf 77' lang='lat' dir='ltr'>leges</span> <span class='ocrx_word' id='word_1_36' title='bbox 729 828 887 920; x_wconf 84' lang='lat' dir='ltr'>imponere</span> <span class='ocrx_word' id='word_1_37' title='bbox 913 836 1001 899; x_wconf 86' lang='lat' dir='ltr'>visus</span> <span class='ocrx_word' id='word_1_38' title='bbox 1031 853 1067 899; x_wconf 91' lang='lat' dir='ltr'>es</span> <span class='ocrx_word' id='word_1_39' title='bbox 1094 833 1167 900; x_wconf 89' lang='lat' dir='ltr'>lruic</span> <span class='ocrx_word' id='word_1_40' title='bbox 1194 828 1300 912; x_wconf 82' lang='lat' dir='ltr'>aetati,</span> 
     </span>
     <span class='ocr_line' id='line_1_6' title="bbox 254 929 1301 1054; baseline -0.004 -33"><span class='ocrx_word' id='word_1_41' title='bbox 254 955 313 1022; x_wconf 87' lang='lat' dir='ltr'>sed</span> <span class='ocrx_word' id='word_1_42' title='bbox 331 929 437 1019; x_wconf 78' lang='lat' dir='ltr'>tamem</span> <span class='ocrx_word' id='word_1_43' title='bbox 459 951 500 1017; x_wconf 91' lang='lat' dir='ltr'>ad</span> <span class='ocrx_word' id='word_1_44' title='bbox 521 952 568 1039; x_wconf 86' lang='lat' dir='ltr'>id,</span> <span class='ocrx_word' id='word_1_45' title='bbox 596 952 677 1037; x_wconf 83' lang='lat' dir='ltr'>quod</span> <span class='ocrx_word' id='word_1_46' title='bbox 700 954 841 1054; x_wconf 86' lang='lat' dir='ltr'>cupiunt</span> <span class='ocrx_word' id='word_1_47' title='bbox 868 947 1143 1038; x_wconf 85' lang='lat' dir='ltr'>adipiscendum</span> <span class='ocrx_word' id='word_1_48' title='bbox 1126 969 1222 1038; x_wconf 82' lang='lat' dir='ltr'><strong>prope</strong></span> <span class='ocrx_word' id='word_1_49' title='bbox 1244 972 1301 1017; x_wconf 88' lang='lat' dir='ltr'>ne-</span> 
     </span>
     <span class='ocr_line' id='line_1_7' title="bbox 255 1046 1407 1169; baseline -0.003 -32"><span class='ocrx_word' id='word_1_50' title='bbox 255 1064 427 1138; x_wconf 84' lang='lat' dir='ltr'>cessarias.</span> <span class='ocrx_word' id='word_1_51' title='bbox 480 1066 553 1135; x_wconf 86' lang='grc'><strong>257.</strong></span> <span class='ocrx_word' id='word_1_52' title='bbox 576 1066 666 1169; x_wconf 53' lang='lat' dir='ltr'>⁴Nacti</span> <span class='ocrx_word' id='word_1_53' title='bbox 697 1079 736 1134; x_wconf 84' lang='lat' dir='ltr'>et</span> <span class='ocrx_word' id='word_1_54' title='bbox 759 1046 880 1135; x_wconf 81' lang='lat' dir='ltr'>subitae</span> <span class='ocrx_word' id='word_1_55' title='bbox 914 1068 955 1134; x_wconf 89' lang='lat' dir='ltr'>ad</span> <span class='ocrx_word' id='word_1_56' title='bbox 979 1070 1157 1155; x_wconf 86' lang='lat' dir='ltr'>propositas</span> <span class='ocrx_word' id='word_1_57' title='bbox 1184 1084 1300 1134; x_wconf 86' lang='lat' dir='ltr'>causas</span> <span class='ocrx_word' id='word_1_58' title='bbox 1404 1152 1407 1153; x_wconf 16' lang='lat'><em>⁷</em></span> 
     </span>
    </p>
   </div>
   <div class='ocr_carea' id='block_1_3' title="bbox 96 1167 1301 1264">
    <p class='ocr_par' dir='ltr' id='par_1_3' title="bbox 96 1167 1301 1264">
     <span class='ocr_line' id='line_1_8' title="bbox 96 1167 1301 1264; baseline -0.005 -8"><span class='ocrx_word' id='word_1_59' title='bbox 96 1256 100 1264; x_wconf 85' lang='grc'>,</span> <span class='ocrx_word' id='word_1_60' title='bbox 182 1183 188 1198; x_wconf 76' lang='grc'><em>’</em></span> <span class='ocrx_word' id='word_1_61' title='bbox 255 1190 497 1255; x_wconf 70' lang='lat' dir='ltr'>exercitationes</span> <span class='ocrx_word' id='word_1_62' title='bbox 525 1196 556 1253; x_wconf 91' lang='lat' dir='ltr'>et</span> <span class='ocrx_word' id='word_1_63' title='bbox 582 1196 748 1252; x_wconf 77' lang='lat' dir='ltr'>accuratae</span> <span class='ocrx_word' id='word_1_64' title='bbox 777 1196 808 1252; x_wconf 88' lang='lat' dir='ltr'>et</span> <span class='ocrx_word' id='word_1_65' title='bbox 834 1167 1001 1252; x_wconf 85' lang='lat' dir='ltr'>meditatae</span> <span class='ocrx_word' id='word_1_66' title='bbox 1022 1188 1301 1252; x_wconf 79' lang='lat' dir='ltr'>commentationes</span> 
     </span>
    </p>
   </div>
   <div class='ocr_carea' id='block_1_4' title="bbox 233 1302 1304 1858">
    <p class='ocr_par' dir='ltr' id='par_1_4' title="bbox 233 1302 1304 1858">
     <span class='ocr_line' id='line_1_9' title="bbox 256 1302 1302 1388; baseline -0.005 -15"><span class='ocrx_word' id='word_1_67' title='bbox 256 1324 295 1373; x_wconf 69' lang='lat' dir='ltr'>ac</span> <span class='ocrx_word' id='word_1_68' title='bbox 326 1304 418 1371; x_wconf 89' lang='lat' dir='ltr'>stilus</span> <span class='ocrx_word' id='word_1_69' title='bbox 450 1302 505 1369; x_wconf 88' lang='lat' dir='ltr'>ille</span> <span class='ocrx_word' id='word_1_70' title='bbox 536 1313 628 1382; x_wconf 84' lang='lat' dir='ltr'>tuus,</span> <span class='ocrx_word' id='word_1_71' title='bbox 666 1322 757 1388; x_wconf 62' lang='lat' dir='ltr'>mem</span> <span class='ocrx_word' id='word_1_72' title='bbox 789 1313 821 1368; x_wconf 91' lang='lat' dir='ltr'>tu</span> <span class='ocrx_word' id='word_1_73' title='bbox 851 1323 926 1370; x_wconf 85' lang='lat' dir='ltr'>vere</span> <span class='ocrx_word' id='word_1_74' title='bbox 960 1303 1065 1369; x_wconf 85' lang='lat' dir='ltr'>dixisti</span> <span class='ocrx_word' id='word_1_75' title='bbox 1094 1302 1302 1388; x_wconf 79' lang='lat' dir='ltr'>perfectorem</span> 
     </span>
     <span class='ocr_line' id='line_1_10' title="bbox 233 1414 1302 1505; baseline -0.004 -17"><span class='ocrx_word' id='word_1_76' title='bbox 233 1422 381 1495; x_wconf 51' lang='lat' dir='ltr'>dicendi</span> <span class='ocrx_word' id='word_1_77' title='bbox 408 1438 480 1486; x_wconf 90' lang='lat' dir='ltr'>esse</span> <span class='ocrx_word' id='word_1_78' title='bbox 508 1439 547 1485; x_wconf 91' lang='lat' dir='ltr'>ac</span> <span class='ocrx_word' id='word_1_79' title='bbox 575 1422 775 1505; x_wconf 78' lang='lat' dir='ltr'>magistrum,</span> <span class='ocrx_word' id='word_1_80' title='bbox 813 1420 899 1486; x_wconf 89' lang='lat' dir='ltr'>multi</span> <span class='ocrx_word' id='word_1_81' title='bbox 928 1420 1052 1486; x_wconf 86' lang='lat' dir='ltr'>sudoris</span> <span class='ocrx_word' id='word_1_82' title='bbox 1087 1414 1153 1497; x_wconf 57' lang='lat' dir='ltr'>esta</span> <span class='ocrx_word' id='word_1_83' title='bbox 1186 1428 1217 1484; x_wconf 89' lang='lat' dir='ltr'>at</span> <span class='ocrx_word' id='word_1_84' title='bbox 1242 1418 1302 1485; x_wconf 91' lang='lat' dir='ltr'>illa</span> 
     </span>
     <span class='ocr_line' id='line_1_11' title="bbox 257 1535 1301 1625; baseline -0.004 -19"><span class='ocrx_word' id='word_1_85' title='bbox 257 1539 409 1606; x_wconf 88' lang='lat' dir='ltr'>erationis</span> <span class='ocrx_word' id='word_1_86' title='bbox 420 1540 501 1602; x_wconf 67' lang='lat' dir='ltr'>‘suae</span> <span class='ocrx_word' id='word_1_87' title='bbox 524 1557 593 1603; x_wconf 91' lang='lat' dir='ltr'>cum</span> <span class='ocrx_word' id='word_1_88' title='bbox 609 1538 733 1623; x_wconf 87' lang='lat' dir='ltr'>scriptis</span> <span class='ocrx_word' id='word_1_89' title='bbox 749 1537 863 1603; x_wconf 87' lang='lat' dir='ltr'>alienia</span> <span class='ocrx_word' id='word_1_90' title='bbox 880 1539 1072 1625; x_wconf 85' lang='lat' dir='ltr'>comparatio</span> <span class='ocrx_word' id='word_1_91' title='bbox 1092 1536 1175 1602; x_wconf 90' lang='lat' dir='ltr'>etde</span> <span class='ocrx_word' id='word_1_92' title='bbox 1194 1535 1301 1602; x_wconf 83' lang='lat' dir='ltr'>alieno</span> 
     </span>
     <span class='ocr_line' id='line_1_12' title="bbox 256 1631 1304 1743; baseline -0.004 -20"><span class='ocrx_word' id='word_1_93' title='bbox 256 1658 372 1742; x_wconf 86' lang='lat' dir='ltr'>scripto</span> <span class='ocrx_word' id='word_1_94' title='bbox 400 1631 504 1720; x_wconf 83' lang='lat' dir='ltr'>subita</span> <span class='ocrx_word' id='word_1_95' title='bbox 529 1653 582 1719; x_wconf 89' lang='lat' dir='ltr'>vel</span> <span class='ocrx_word' id='word_1_96' title='bbox 608 1654 759 1720; x_wconf 84' lang='lat' dir='ltr'>laudandi</span> <span class='ocrx_word' id='word_1_97' title='bbox 784 1654 837 1722; x_wconf 83' lang='lat' dir='ltr'>rel</span> <span class='ocrx_word' id='word_1_98' title='bbox 863 1655 1058 1743; x_wconf 85' lang='lat' dir='ltr'>vituperandi</span> <span class='ocrx_word' id='word_1_99' title='bbox 1084 1650 1137 1721; x_wconf 78' lang='lat' dir='ltr'>rel</span> <span class='ocrx_word' id='word_1_100' title='bbox 1161 1672 1304 1741; x_wconf 84' lang='lat' dir='ltr'>compro-</span> 
     </span>
     <span class='ocr_line' id='line_1_13' title="bbox 256 1748 1304 1858; baseline -0.006 -18"><span class='ocrx_word' id='word_1_101' title='bbox 256 1773 354 1840; x_wconf 85' lang='lat' dir='ltr'>bandi</span> <span class='ocrx_word' id='word_1_102' title='bbox 374 1773 427 1839; x_wconf 83' lang='lat' dir='ltr'>uel</span> <span class='ocrx_word' id='word_1_103' title='bbox 448 1770 613 1837; x_wconf 80' lang='lat' dir='ltr'>refellendi</span> <span class='ocrx_word' id='word_1_104' title='bbox 640 1790 740 1838; x_wconf 90' lang='lat' dir='ltr'>causa</span> <span class='ocrx_word' id='word_1_105' title='bbox 761 1771 928 1858; x_wconf 86' lang='lat' dir='ltr'>disputatio</span> <span class='ocrx_word' id='word_1_106' title='bbox 954 1792 1023 1838; x_wconf 89' lang='lat' dir='ltr'>uou-</span> <span class='ocrx_word' id='word_1_107' title='bbox 1038 1748 1208 1837; x_wconf 85' lang='lat' dir='ltr'>mediocris</span> <span class='ocrx_word' id='word_1_108' title='bbox 1229 1776 1304 1837; x_wconf 84' lang='lat' dir='ltr'>cori·</span> 
     </span>
    </p>
   </div>
   <div class='ocr_carea' id='block_1_5' title="bbox 257 1878 1303 2092">
    <p class='ocr_par' dir='ltr' id='par_1_5' title="bbox 257 1878 1303 2092">
     <span class='ocr_line' id='line_1_14' title="bbox 257 1878 1190 1958; baseline -0.004 -1"><span class='ocrx_word' id='word_1_109' title='bbox 257 1892 407 1958; x_wconf 86' lang='lat' dir='ltr'>tentiouis</span> <span class='ocrx_word' id='word_1_110' title='bbox 429 1897 479 1953; x_wconf 91' lang='lat' dir='ltr'>est</span> <span class='ocrx_word' id='word_1_111' title='bbox 498 1888 550 1953; x_wconf 84' lang='lat' dir='ltr'>vel</span> <span class='ocrx_word' id='word_1_112' title='bbox 573 1888 614 1952; x_wconf 85' lang='lat' dir='ltr'>ad</span> <span class='ocrx_word' id='word_1_113' title='bbox 635 1891 817 1954; x_wconf 83' lang='lat' dir='ltr'>memoriam</span> <span class='ocrx_word' id='word_1_114' title='bbox 837 1888 889 1955; x_wconf 85' lang='lat' dir='ltr'>vel</span> <span class='ocrx_word' id='word_1_115' title='bbox 912 1888 953 1954; x_wconf 78' lang='lat' dir='ltr'>acl</span> <span class='ocrx_word' id='word_1_116' title='bbox 975 1878 1190 1954; x_wconf 78' lang='lat' dir='ltr'>imitandum..</span> 
     </span>
     <span class='ocr_line' id='line_1_15' title="bbox 337 1997 1303 2092; baseline 0 -24"><span class='ocrx_word' id='word_1_117' title='bbox 337 2002 428 2069; x_wconf 74' lang='grc'><strong>1311.</strong></span> <span class='ocrx_word' id='word_1_118' title='bbox 450 2003 523 2069; x_wconf 83' lang='grc'><strong>258.</strong></span> <span class='ocrx_word' id='word_1_119' title='bbox 546 2001 628 2069; x_wconf 86' lang='lat' dir='ltr'>lllud</span> <span class='ocrx_word' id='word_1_120' title='bbox 642 1997 719 2071; x_wconf 78' lang='lat' dir='ltr'>rere</span> <span class='ocrx_word' id='word_1_121' title='bbox 741 2005 798 2071; x_wconf 78' lang='lat' dir='ltr'>suit</span> <span class='ocrx_word' id='word_1_122' title='bbox 818 2004 979 2085; x_wconf 88' lang='lat' dir='ltr'>horribile,</span> <span class='ocrx_word' id='word_1_123' title='bbox 999 2006 1086 2092; x_wconf 86' lang='lat' dir='ltr'>quod</span> <span class='ocrx_word' id='word_1_124' title='bbox 1107 2026 1156 2072; x_wconf 87' lang='lat' dir='ltr'>me</span> <span class='ocrx_word' id='word_1_125' title='bbox 1170 2001 1303 2070; x_wconf 80' lang='lat' dir='ltr'>Hercule</span> 
     </span>
    </p>
   </div>
   <div class='ocr_carea' id='block_1_6' title="bbox 230 2236 1307 2902">
    <p class='ocr_par' dir='ltr' id='par_1_6' title="bbox 230 2236 1307 2902">
     <span class='ocr_line' id='line_1_16' title="bbox 260 2236 1305 2307; baseline -0.002 -14"><span class='ocrx_word' id='word_1_126' title='bbox 260 2238 304 2293; x_wconf 95' lang='grc'>81.</span> <span class='ocrx_word' id='word_1_127' title='bbox 322 2237 365 2292; x_wconf 97' lang='grc'>84.</span> <span class='ocrx_word' id='word_1_128' title='bbox 383 2236 426 2292; x_wconf 90' lang='grc'>86.</span> <span class='ocrx_word' id='word_1_129' title='bbox 454 2236 624 2293; x_wconf 76' lang='lat' dir='ltr'>mehercule</span> <span class='ocrx_word' id='word_1_130' title='bbox 644 2239 687 2294; x_wconf 89' lang='grc'>67.</span> <span class='ocrx_word' id='word_1_131' title='bbox 711 2257 760 2293; x_wconf 88' lang='lat' dir='ltr'>me</span> <span class='ocrx_word' id='word_1_132' title='bbox 775 2238 872 2295; x_wconf 77' lang='lat' dir='ltr'>hercle</span> <span class='ocrx_word' id='word_1_133' title='bbox 890 2240 932 2295; x_wconf 87' lang='grc'>76.</span> <span class='ocrx_word' id='word_1_134' title='bbox 950 2240 1021 2295; x_wconf 79' lang='lat' dir='ltr'>vict.</span> <span class='ocrx_word' id='word_1_135' title='bbox 1041 2271 1072 2281; x_wconf 94' lang='lat'><em>-</em></span> <span class='ocrx_word' id='word_1_136' title='bbox 1095 2257 1156 2295; x_wconf 83' lang='lat' dir='ltr'>aare</span> <span class='ocrx_word' id='word_1_137' title='bbox 1172 2239 1228 2307; x_wconf 76' lang='lat' dir='ltr'>tta]</span> <span class='ocrx_word' id='word_1_138' title='bbox 1245 2252 1305 2292; x_wconf 79' lang='lat' dir='ltr'>aare</span> 
     </span>
     <span class='ocr_line' id='line_1_17' title="bbox 262 2320 1303 2397; baseline -0.001 -19"><span class='ocrx_word' id='word_1_139' title='bbox 262 2330 327 2379; x_wconf 82' lang='lat' dir='ltr'>tam</span> <span class='ocrx_word' id='word_1_140' title='bbox 343 2322 394 2393; x_wconf 77' lang='lat' dir='ltr'>Lg.</span> <span class='ocrx_word' id='word_1_141' title='bbox 412 2322 436 2376; x_wconf 90' lang='lat'>5.</span> <span class='ocrx_word' id='word_1_142' title='bbox 448 2350 484 2364; x_wconf 82' lang='lat'><em>-</em></span> <span class='ocrx_word' id='word_1_143' title='bbox 504 2320 612 2376; x_wconf 74' lang='lat' dir='ltr'>habere</span> <span class='ocrx_word' id='word_1_144' title='bbox 630 2324 836 2397; x_wconf 79' lang='lat' dir='ltr'>videatur]eic</span> <span class='ocrx_word' id='word_1_145' title='bbox 853 2324 942 2380; x_wconf 84' lang='lat' dir='ltr'>llavu.</span> <span class='ocrx_word' id='word_1_146' title='bbox 960 2327 983 2380; x_wconf 91' lang='lat' dir='ltr'>l.</span> <span class='ocrx_word' id='word_1_147' title='bbox 1002 2325 1098 2397; x_wconf 57' lang='lat' dir='ltr'>alig.</span> <span class='ocrx_word' id='word_1_148' title='bbox 1117 2324 1162 2380; x_wconf 92' lang='grc'>69.</span> <span class='ocrx_word' id='word_1_149' title='bbox 1180 2323 1214 2379; x_wconf 93' lang='grc'>93</span> <span class='ocrx_word' id='word_1_150' title='bbox 1241 2322 1303 2377; x_wconf 81' lang='lat' dir='ltr'>cdd.</span> 
     </span>
     <span class='ocr_line' id='line_1_18' title="bbox 262 2404 1305 2478; baseline -0.002 -15"><span class='ocrx_word' id='word_1_151' title='bbox 262 2417 316 2465; x_wconf 88' lang='lat' dir='ltr'>aut.</span> <span class='ocrx_word' id='word_1_152' title='bbox 341 2406 405 2462; x_wconf 77' lang='lat' dir='ltr'>Sela.</span> <span class='ocrx_word' id='word_1_153' title='bbox 429 2405 528 2461; x_wconf 88' lang='lat' dir='ltr'>Muell.</span> <span class='ocrx_word' id='word_1_154' title='bbox 552 2404 602 2461; x_wconf 86' lang='lat' dir='ltr'>ssr.</span> <span class='ocrx_word' id='word_1_155' title='bbox 626 2407 710 2473; x_wconf 81' lang='lat' dir='ltr'>fleur.</span> <span class='ocrx_word' id='word_1_156' title='bbox 730 2408 755 2462; x_wconf 94' lang='grc'>2.</span> <span class='ocrx_word' id='word_1_157' title='bbox 792 2409 944 2474; x_wconf 75' lang='lat' dir='ltr'>rideatur,</span> <span class='ocrx_word' id='word_1_158' title='bbox 966 2406 1017 2465; x_wconf 78' lang='lat' dir='ltr'>aad</span> <span class='ocrx_word' id='word_1_159' title='bbox 1038 2427 1092 2473; x_wconf 74' lang='lat' dir='ltr'>em.</span> <span class='ocrx_word' id='word_1_160' title='bbox 1127 2408 1234 2462; x_wconf 75' lang='lat' dir='ltr'>habere</span> <span class='ocrx_word' id='word_1_161' title='bbox 1254 2406 1305 2478; x_wconf 83' lang='lat' dir='ltr'>Lg.</span> 
     </span>
     <span class='ocr_line' id='line_1_19' title="bbox 262 2490 1305 2564; baseline -0.001 -18"><span class='ocrx_word' id='word_1_162' title='bbox 262 2501 373 2564; x_wconf 77' lang='lat' dir='ltr'>praeter</span> <span class='ocrx_word' id='word_1_163' title='bbox 388 2492 496 2555; x_wconf 84' lang='lat' dir='ltr'>illeset</span> <span class='ocrx_word' id='word_1_164' title='bbox 512 2491 538 2548; x_wconf 95' lang='grc'>3.</span> <span class='ocrx_word' id='word_1_165' title='bbox 551 2490 604 2559; x_wconf 81' lang='grc'><strong>24,</strong></span> <span class='ocrx_word' id='word_1_166' title='bbox 623 2502 737 2562; x_wconf 87' lang='lat' dir='ltr'>quorum</span> <span class='ocrx_word' id='word_1_167' title='bbox 753 2493 797 2546; x_wconf 86' lang='lat' dir='ltr'>liic</span> <span class='ocrx_word' id='word_1_168' title='bbox 814 2493 951 2549; x_wconf 73' lang='lat' dir='ltr'>videntur</span> <span class='ocrx_word' id='word_1_169' title='bbox 968 2495 1075 2561; x_wconf 84' lang='lat' dir='ltr'>omittit,</span> <span class='ocrx_word' id='word_1_170' title='bbox 1096 2492 1305 2547; x_wconf 71' lang='lat' dir='ltr'>habereteuet.</span> 
     </span>
     <span class='ocr_line' id='line_1_20' title="bbox 230 2575 1306 2647; baseline -0.002 -16"><span class='ocrx_word' id='word_1_171' title='bbox 230 2618 241 2631; x_wconf 50' lang='lat' dir='ltr'><strong><em>s</em></strong></span> <span class='ocrx_word' id='word_1_172' title='bbox 261 2576 329 2645; x_wconf 87' lang='lat' dir='ltr'>lude</span> <span class='ocrx_word' id='word_1_173' title='bbox 345 2575 466 2647; x_wconf 76' lang='lat' dir='ltr'>vulgaria</span> <span class='ocrx_word' id='word_1_174' title='bbox 481 2576 618 2646; x_wconf 84' lang='lat' dir='ltr'>scriptura</span> <span class='ocrx_word' id='word_1_175' title='bbox 636 2587 698 2632; x_wconf 87' lang='lat' dir='ltr'>orta</span> <span class='ocrx_word' id='word_1_176' title='bbox 713 2576 790 2632; x_wconf 75' lang='lat' dir='ltr'>mitt</span> <span class='ocrx_word' id='word_1_177' title='bbox 806 2578 930 2634; x_wconf 82' lang='lat' dir='ltr'>videtur.</span> <span class='ocrx_word' id='word_1_178' title='bbox 951 2609 983 2620; x_wconf 89' lang='grc'>-</span> <span class='ocrx_word' id='word_1_179' title='bbox 1004 2579 1118 2647; x_wconf 82' lang='lat' dir='ltr'>uolent]</span> <span class='ocrx_word' id='word_1_180' title='bbox 1137 2578 1239 2632; x_wconf 81' lang='lat' dir='ltr'>uoluat</span> <span class='ocrx_word' id='word_1_181' title='bbox 1255 2576 1306 2647; x_wconf 77' lang='lat' dir='ltr'>Lg.</span> 
     </span>
     <span class='ocr_line' id='line_1_21' title="bbox 260 2660 1305 2739; baseline 0.002 -25"><span class='ocrx_word' id='word_1_182' title='bbox 260 2661 304 2716; x_wconf 84' lang='lat'>66.</span> <span class='ocrx_word' id='word_1_183' title='bbox 321 2690 356 2702; x_wconf 93' lang='lat'>·-</span> <span class='ocrx_word' id='word_1_184' title='bbox 380 2677 399 2713; x_wconf 91' lang='lat' dir='ltr'>a</span> <span class='ocrx_word' id='word_1_185' title='bbox 418 2661 457 2728; x_wconf 85' lang='lat' dir='ltr'>te]</span> <span class='ocrx_word' id='word_1_186' title='bbox 477 2660 529 2739; x_wconf 80' lang='lat' dir='ltr'>aba</span> <span class='ocrx_word' id='word_1_187' title='bbox 547 2667 576 2713; x_wconf 83' lang='lat' dir='ltr'>te</span> <span class='ocrx_word' id='word_1_188' title='bbox 592 2661 644 2732; x_wconf 85' lang='lat' dir='ltr'>Lg.</span> <span class='ocrx_word' id='word_1_189' title='bbox 661 2662 703 2718; x_wconf 92' lang='grc'>69.</span> <span class='ocrx_word' id='word_1_190' title='bbox 722 2692 756 2703; x_wconf 89' lang='grc'>-</span> <span class='ocrx_word' id='word_1_191' title='bbox 779 2679 876 2734; x_wconf 78' lang='lat' dir='ltr'>prope</span> <span class='ocrx_word' id='word_1_192' title='bbox 896 2665 1000 2732; x_wconf 77' lang='lat' dir='ltr'>etiam]</span> <span class='ocrx_word' id='word_1_193' title='bbox 1013 2681 1112 2736; x_wconf 79' lang='lat' dir='ltr'>prope</span> <span class='ocrx_word' id='word_1_194' title='bbox 1129 2666 1195 2716; x_wconf 76' lang='lat' dir='ltr'>iam</span> <span class='ocrx_word' id='word_1_195' title='bbox 1210 2660 1261 2731; x_wconf 79' lang='lat' dir='ltr'>Lg.</span> <span class='ocrx_word' id='word_1_196' title='bbox 1277 2661 1305 2716; x_wconf 97' lang='grc'>3.</span> 
     </span>
     <span class='ocr_line' id='line_1_22' title="bbox 261 2744 1305 2821; baseline -0.002 -20"><span class='ocrx_word' id='word_1_197' title='bbox 261 2745 286 2801; x_wconf 79' lang='lat'><strong>6</strong></span> <span class='ocrx_word' id='word_1_198' title='bbox 306 2745 346 2798; x_wconf 94' lang='grc'>14.</span> <span class='ocrx_word' id='word_1_199' title='bbox 361 2744 401 2800; x_wconf 83' lang='lat'>15.</span> <span class='ocrx_word' id='word_1_200' title='bbox 415 2745 455 2799; x_wconf 88' lang='grc'><strong>16.</strong></span> <span class='ocrx_word' id='word_1_201' title='bbox 470 2745 510 2798; x_wconf 88' lang='grc'><strong>17.</strong></span> <span class='ocrx_word' id='word_1_202' title='bbox 528 2745 570 2799; x_wconf 89' lang='grc'>26.</span> <span class='ocrx_word' id='word_1_203' title='bbox 584 2746 625 2801; x_wconf 90' lang='grc'>21.</span> <span class='ocrx_word' id='word_1_204' title='bbox 639 2747 740 2821; x_wconf 80' lang='grc'><strong>2324.</strong></span> <span class='ocrx_word' id='word_1_205' title='bbox 755 2747 798 2801; x_wconf 90' lang='grc'>35.</span> <span class='ocrx_word' id='word_1_206' title='bbox 814 2747 856 2800; x_wconf 89' lang='grc'>65.</span> <span class='ocrx_word' id='word_1_207' title='bbox 871 2745 968 2805; x_wconf 70' lang='grc'><strong>6769.</strong></span> <span class='ocrx_word' id='word_1_208' title='bbox 987 2746 1135 2801; x_wconf 82' lang='grc'><strong>767376.</strong></span> <span class='ocrx_word' id='word_1_209' title='bbox 1152 2744 1305 2800; x_wconf 77' lang='grc'><strong>818486.</strong></span> 
     </span>
     <span class='ocr_line' id='line_1_23' title="bbox 260 2828 1307 2902; baseline 0.001 -18"><span class='ocrx_word' id='word_1_210' title='bbox 260 2828 304 2884; x_wconf 89' lang='grc'>93.</span> <span class='ocrx_word' id='word_1_211' title='bbox 319 2828 436 2882; x_wconf 77' lang='lat' dir='ltr'>sortasse</span> <span class='ocrx_word' id='word_1_212' title='bbox 449 2828 551 2882; x_wconf 83' lang='lat' dir='ltr'>verius.</span> <span class='ocrx_word' id='word_1_213' title='bbox 572 2847 666 2902; x_wconf 77' lang='lat' dir='ltr'>prope</span> <span class='ocrx_word' id='word_1_214' title='bbox 684 2833 737 2884; x_wconf 68' lang='lat' dir='ltr'>aad</span> <span class='ocrx_word' id='word_1_215' title='bbox 749 2830 774 2886; x_wconf 86' lang='lat'>5.</span> <span class='ocrx_word' id='word_1_216' title='bbox 788 2858 824 2870; x_wconf 83' lang='lat'>--</span> <span class='ocrx_word' id='word_1_217' title='bbox 847 2830 901 2884; x_wconf 84' lang='lat' dir='ltr'>sed</span> <span class='ocrx_word' id='word_1_218' title='bbox 917 2837 1155 2902; x_wconf 76' lang='lat' dir='ltr'>tamea—prope</span> <span class='ocrx_word' id='word_1_219' title='bbox 1167 2846 1221 2899; x_wconf 87' lang='lat' dir='ltr'>em.</span> <span class='ocrx_word' id='word_1_220' title='bbox 1233 2829 1307 2885; x_wconf 77' lang='lat' dir='ltr'>vict.</span> 
     </span>
    </p>
   </div>
   <div class='ocr_carea' id='block_1_7' title="bbox 261 2928 1323 3760">
    <p class='ocr_par' dir='ltr' id='par_1_7' title="bbox 261 2928 1323 3760">
     <span class='ocr_line' id='line_1_24' title="bbox 349 2928 1308 3003; baseline 0.001 -21"><span class='ocrx_word' id='word_1_221' title='bbox 349 2929 410 2983; x_wconf 88' lang='grc'><strong>257.</strong></span> <span class='ocrx_word' id='word_1_222' title='bbox 447 2934 475 2981; x_wconf 82' lang='lat' dir='ltr'>et</span> <span class='ocrx_word' id='word_1_223' title='bbox 494 2928 621 2999; x_wconf 76' lang='lat' dir='ltr'>subitae]</span> <span class='ocrx_word' id='word_1_224' title='bbox 644 2938 674 2984; x_wconf 80' lang='lat' dir='ltr'>et</span> <span class='ocrx_word' id='word_1_225' title='bbox 697 2928 749 2987; x_wconf 83' lang='lat' dir='ltr'>om.</span> <span class='ocrx_word' id='word_1_226' title='bbox 769 2930 820 3002; x_wconf 85' lang='lat' dir='ltr'>Lg.</span> <span class='ocrx_word' id='word_1_227' title='bbox 839 2931 882 2986; x_wconf 89' lang='grc'>67.</span> <span class='ocrx_word' id='word_1_228' title='bbox 904 2963 943 3003; x_wconf 14' lang='grc'>-7</span> <span class='ocrx_word' id='word_1_229' title='bbox 970 2931 1140 3001; x_wconf 79' lang='lat' dir='ltr'>accuratae]</span> <span class='ocrx_word' id='word_1_230' title='bbox 1162 2929 1308 2996; x_wconf 69' lang='lat' dir='ltr'>adcurrere</span> 
     </span>
     <span class='ocr_line' id='line_1_25' title="bbox 263 3012 1308 3087; baseline 0.002 -19"><span class='ocrx_word' id='word_1_231' title='bbox 263 3014 314 3086; x_wconf 72' lang='lat' dir='ltr'>ug.</span> <span class='ocrx_word' id='word_1_232' title='bbox 333 3013 375 3071; x_wconf 87' lang='grc'><strong>65.</strong></span> <span class='ocrx_word' id='word_1_233' title='bbox 396 3013 439 3068; x_wconf 94' lang='grc'>67.</span> <span class='ocrx_word' id='word_1_234' title='bbox 460 3012 501 3068; x_wconf 89' lang='grc'>79.</span> <span class='ocrx_word' id='word_1_235' title='bbox 522 3013 564 3067; x_wconf 87' lang='grc'>73.</span> <span class='ocrx_word' id='word_1_236' title='bbox 583 3041 619 3055; x_wconf 84' lang='lat'><em>-</em></span> <span class='ocrx_word' id='word_1_237' title='bbox 645 3021 674 3067; x_wconf 83' lang='lat' dir='ltr'>et</span> <span class='ocrx_word' id='word_1_238' title='bbox 690 3016 868 3084; x_wconf 78' lang='lat' dir='ltr'>meditatae]</span> <span class='ocrx_word' id='word_1_239' title='bbox 887 3033 924 3070; x_wconf 90' lang='lat' dir='ltr'>ac</span> <span class='ocrx_word' id='word_1_240' title='bbox 942 3033 981 3071; x_wconf 85' lang='lat' dir='ltr'>m.</span> <span class='ocrx_word' id='word_1_241' title='bbox 1002 3015 1051 3087; x_wconf 80' lang='lat' dir='ltr'>Lg.</span> <span class='ocrx_word' id='word_1_242' title='bbox 1069 3018 1094 3071; x_wconf 70' lang='grc' dir='ltr'>3ι</span> <span class='ocrx_word' id='word_1_243' title='bbox 1113 3015 1137 3070; x_wconf 77' lang='grc'>5.</span> <span class='ocrx_word' id='word_1_244' title='bbox 1157 3016 1182 3068; x_wconf 93' lang='grc'><strong>6.</strong></span> <span class='ocrx_word' id='word_1_245' title='bbox 1203 3015 1244 3068; x_wconf 95' lang='grc'>14.</span> <span class='ocrx_word' id='word_1_246' title='bbox 1265 3015 1308 3069; x_wconf 84' lang='grc'>15.</span> 
     </span>
     <span class='ocr_line' id='line_1_26' title="bbox 264 3095 1308 3181; baseline -0.004 -26"><span class='ocrx_word' id='word_1_247' title='bbox 264 3099 305 3155; x_wconf 91' lang='lat' dir='ltr'>l6.</span> <span class='ocrx_word' id='word_1_248' title='bbox 326 3096 368 3153; x_wconf 83' lang='grc'>20.</span> <span class='ocrx_word' id='word_1_249' title='bbox 386 3096 432 3151; x_wconf 91' lang='grc'><strong>21.·</strong></span> <span class='ocrx_word' id='word_1_250' title='bbox 448 3095 490 3153; x_wconf 88' lang='grc'>23.</span> <span class='ocrx_word' id='word_1_251' title='bbox 510 3095 552 3153; x_wconf 91' lang='grc'>24.</span> <span class='ocrx_word' id='word_1_252' title='bbox 572 3097 614 3152; x_wconf 89' lang='grc'>35.</span> <span class='ocrx_word' id='word_1_253' title='bbox 632 3099 675 3181; x_wconf 75' lang='grc'>65.</span> <span class='ocrx_word' id='word_1_254' title='bbox 691 3100 732 3154; x_wconf 88' lang='grc'>76.</span> <span class='ocrx_word' id='word_1_255' title='bbox 749 3100 791 3154; x_wconf 93' lang='grc'>73.</span> <span class='ocrx_word' id='word_1_256' title='bbox 808 3100 849 3155; x_wconf 90' lang='grc'>76.</span> <span class='ocrx_word' id='word_1_257' title='bbox 868 3099 910 3154; x_wconf 93' lang='grc'>86.</span> <span class='ocrx_word' id='word_1_258' title='bbox 929 3099 972 3155; x_wconf 86' lang='grc'>93.</span> <span class='ocrx_word' id='word_1_259' title='bbox 994 3100 1083 3156; x_wconf 70' lang='grc'><strong>(15.2.</strong></span> <span class='ocrx_word' id='word_1_260' title='bbox 1099 3127 1135 3140; x_wconf 81' lang='lat'>—-</span> <span class='ocrx_word' id='word_1_261' title='bbox 1150 3099 1308 3166; x_wconf 61' lang='lat' dir='ltr'>nuditate]</span> 
     </span>
     <span class='ocr_line' id='line_1_27' title="bbox 262 3182 1308 3253; baseline 0.002 -16"><span class='ocrx_word' id='word_1_262' title='bbox 262 3183 303 3243; x_wconf 89' lang='grc'><strong>1111</strong></span> <span class='ocrx_word' id='word_1_263' title='bbox 321 3199 405 3252; x_wconf 87' lang='lat' dir='ltr'>supra</span> <span class='ocrx_word' id='word_1_264' title='bbox 422 3182 564 3235; x_wconf 86' lang='lat' dir='ltr'>memorati</span> <span class='ocrx_word' id='word_1_265' title='bbox 582 3190 693 3251; x_wconf 76' lang='lat' dir='ltr'>praeter</span> <span class='ocrx_word' id='word_1_266' title='bbox 708 3184 751 3237; x_wconf 88' lang='grc'>67.</span> <span class='ocrx_word' id='word_1_267' title='bbox 769 3185 797 3238; x_wconf 91' lang='lat' dir='ltr'>it.</span> <span class='ocrx_word' id='word_1_268' title='bbox 816 3184 859 3238; x_wconf 88' lang='grc'>93.</span> <span class='ocrx_word' id='word_1_269' title='bbox 877 3211 912 3226; x_wconf 81' lang='lat'>—</span> <span class='ocrx_word' id='word_1_270' title='bbox 935 3185 1209 3253; x_wconf 69' lang='lat' dir='ltr'>commutatores]</span> <span class='ocrx_word' id='word_1_271' title='bbox 1228 3201 1308 3239; x_wconf 50' lang='lat' dir='ltr'>cenef</span> 
     </span>
     <span class='ocr_line' id='line_1_28' title="bbox 262 3265 1309 3338; baseline 0.005 -19"><span class='ocrx_word' id='word_1_272' title='bbox 262 3266 394 3325; x_wconf 67' lang='lat' dir='ltr'>euadat.</span> <span class='ocrx_word' id='word_1_273' title='bbox 418 3282 441 3319; x_wconf 85' lang='lat' dir='ltr'>s.</span> <span class='ocrx_word' id='word_1_274' title='bbox 465 3265 596 3320; x_wconf 81' lang='lat' dir='ltr'>eemead.</span> <span class='ocrx_word' id='word_1_275' title='bbox 620 3266 716 3338; x_wconf 57' lang='grc'><strong>1183.</strong></span> <span class='ocrx_word' id='word_1_276' title='bbox 735 3268 760 3323; x_wconf 82' lang='lat'>5.</span> <span class='ocrx_word' id='word_1_277' title='bbox 780 3270 820 3322; x_wconf 93' lang='grc'>14.</span> <span class='ocrx_word' id='word_1_278' title='bbox 842 3267 882 3322; x_wconf 87' lang='grc'>15.</span> <span class='ocrx_word' id='word_1_279' title='bbox 901 3268 943 3323; x_wconf 85' lang='grc'>29.</span> <span class='ocrx_word' id='word_1_280' title='bbox 961 3270 1004 3326; x_wconf 90' lang='grc'>21.</span> <span class='ocrx_word' id='word_1_281' title='bbox 1023 3270 1067 3324; x_wconf 91' lang='grc'>23.</span> <span class='ocrx_word' id='word_1_282' title='bbox 1085 3269 1119 3324; x_wconf 91' lang='grc'><strong>24</strong></span> <span class='ocrx_word' id='word_1_283' title='bbox 1139 3271 1228 3338; x_wconf 56' lang='lat' dir='ltr'>(corr.²</span> <span class='ocrx_word' id='word_1_284' title='bbox 1240 3285 1309 3324; x_wconf 82' lang='lat' dir='ltr'>eoa·</span> 
     </span>
     <span class='ocr_line' id='line_1_29' title="bbox 263 3349 1309 3425; baseline 0.002 -19"><span class='ocrx_word' id='word_1_285' title='bbox 263 3351 377 3418; x_wconf 80' lang='lat' dir='ltr'>mered.)</span> <span class='ocrx_word' id='word_1_286' title='bbox 388 3351 437 3407; x_wconf 83' lang='grc'>35.</span> <span class='ocrx_word' id='word_1_287' title='bbox 454 3349 496 3404; x_wconf 83' lang='lat'>65.</span> <span class='ocrx_word' id='word_1_288' title='bbox 515 3350 559 3405; x_wconf 88' lang='lat'>67.</span> <span class='ocrx_word' id='word_1_289' title='bbox 576 3349 618 3406; x_wconf 91' lang='grc'>69.</span> <span class='ocrx_word' id='word_1_290' title='bbox 638 3351 679 3406; x_wconf 91' lang='grc'>76.</span> <span class='ocrx_word' id='word_1_291' title='bbox 696 3351 738 3407; x_wconf 94' lang='grc'>81.</span> <span class='ocrx_word' id='word_1_292' title='bbox 759 3352 800 3405; x_wconf 90' lang='grc'>84.</span> <span class='ocrx_word' id='word_1_293' title='bbox 818 3351 863 3408; x_wconf 88' lang='grc'>93.</span> <span class='ocrx_word' id='word_1_294' title='bbox 885 3351 937 3405; x_wconf 87' lang='lat' dir='ltr'>Gu.</span> <span class='ocrx_word' id='word_1_295' title='bbox 952 3355 978 3408; x_wconf 88' lang='grc'>2.</span> <span class='ocrx_word' id='word_1_296' title='bbox 997 3384 1028 3394; x_wconf 98' lang='grc'>-</span> <span class='ocrx_word' id='word_1_297' title='bbox 1049 3354 1098 3425; x_wconf 74' lang='lat' dir='ltr'>ille</span> <span class='ocrx_word' id='word_1_298' title='bbox 1116 3355 1193 3421; x_wconf 79' lang='lat' dir='ltr'>teas]</span> <span class='ocrx_word' id='word_1_299' title='bbox 1213 3358 1269 3408; x_wconf 81' lang='lat' dir='ltr'>tate</span> <span class='ocrx_word' id='word_1_300' title='bbox 1287 3359 1309 3407; x_wconf 82' lang='grc'>1.</span> 
     </span>
     <span class='ocr_line' id='line_1_30' title="bbox 263 3434 1310 3508; baseline 0.002 -18"><span class='ocrx_word' id='word_1_301' title='bbox 263 3435 314 3507; x_wconf 77' lang='lat' dir='ltr'>Lg</span> <span class='ocrx_word' id='word_1_302' title='bbox 332 3436 374 3491; x_wconf 91' lang='grc'>65.</span> <span class='ocrx_word' id='word_1_303' title='bbox 393 3463 428 3475; x_wconf 91' lang='lat'>·-</span> <span class='ocrx_word' id='word_1_304' title='bbox 461 3434 583 3489; x_wconf 77' lang='lat' dir='ltr'>dicendi</span> <span class='ocrx_word' id='word_1_305' title='bbox 605 3450 669 3489; x_wconf 81' lang='lat' dir='ltr'>esec</span> <span class='ocrx_word' id='word_1_306' title='bbox 693 3453 730 3490; x_wconf 84' lang='lat' dir='ltr'>ac</span> <span class='ocrx_word' id='word_1_307' title='bbox 747 3437 839 3507; x_wconf 66' lang='lat' dir='ltr'>may]</span> <span class='ocrx_word' id='word_1_308' title='bbox 862 3453 899 3489; x_wconf 89' lang='lat' dir='ltr'>ac</span> <span class='ocrx_word' id='word_1_309' title='bbox 922 3437 1043 3491; x_wconf 74' lang='lat' dir='ltr'>dicendi</span> <span class='ocrx_word' id='word_1_310' title='bbox 1059 3440 1239 3508; x_wconf 74' lang='lat' dir='ltr'>maqietrum</span> <span class='ocrx_word' id='word_1_311' title='bbox 1255 3455 1310 3493; x_wconf 80' lang='grc' dir='ltr'>(ιιι.Ι</span> 
     </span>
     <span class='ocr_line' id='line_1_31' title="bbox 264 3518 1311 3595; baseline 0.002 -20"><span class='ocrx_word' id='word_1_312' title='bbox 264 3538 329 3575; x_wconf 79' lang='lat' dir='ltr'>esee</span> <span class='ocrx_word' id='word_1_313' title='bbox 343 3519 397 3595; x_wconf 80' lang='lat' dir='ltr'>Lg.</span> <span class='ocrx_word' id='word_1_314' title='bbox 415 3518 450 3573; x_wconf 91' lang='grc'>35</span> <span class='ocrx_word' id='word_1_315' title='bbox 466 3534 590 3572; x_wconf 87' lang='lat' dir='ltr'>corr.—</span> <span class='ocrx_word' id='word_1_316' title='bbox 618 3522 702 3589; x_wconf 81' lang='lat' dir='ltr'>suae]</span> <span class='ocrx_word' id='word_1_317' title='bbox 727 3527 796 3575; x_wconf 84' lang='lat' dir='ltr'>tuae</span> <span class='ocrx_word' id='word_1_318' title='bbox 814 3520 863 3592; x_wconf 82' lang='lat' dir='ltr'>Lg</span> <span class='ocrx_word' id='word_1_319' title='bbox 882 3520 1047 3576; x_wconf 67' lang='grc'><strong>616993</strong></span> <span class='ocrx_word' id='word_1_320' title='bbox 1073 3521 1143 3575; x_wconf 81' lang='lat' dir='ltr'>vict.</span> <span class='ocrx_word' id='word_1_321' title='bbox 1161 3522 1311 3578; x_wconf 77' lang='lat' dir='ltr'>Lauri).—</span> 
     </span>
     <span class='ocr_line' id='line_1_32' title="bbox 264 3601 1323 3678; baseline 0.001 -19"><span class='ocrx_word' id='word_1_322' title='bbox 264 3601 495 3677; x_wconf 77' lang='lat' dir='ltr'>comprebartdt]</span> <span class='ocrx_word' id='word_1_323' title='bbox 513 3618 615 3674; x_wconf 80' lang='lat' dir='ltr'>conpr</span> <span class='ocrx_word' id='word_1_324' title='bbox 636 3603 686 3675; x_wconf 66' lang='grc' dir='ltr'><strong>[ις.</strong></span> <span class='ocrx_word' id='word_1_325' title='bbox 707 3604 749 3658; x_wconf 93' lang='grc'>14.</span> <span class='ocrx_word' id='word_1_326' title='bbox 768 3605 810 3659; x_wconf 89' lang='grc'>84.</span> <span class='ocrx_word' id='word_1_327' title='bbox 842 3605 995 3678; x_wconf 75' lang='lat' dir='ltr'>probandi</span> <span class='ocrx_word' id='word_1_328' title='bbox 1012 3605 1053 3660; x_wconf 89' lang='grc'>15.</span> <span class='ocrx_word' id='word_1_329' title='bbox 1072 3623 1126 3661; x_wconf 88' lang='lat' dir='ltr'>om.</span> <span class='ocrx_word' id='word_1_330' title='bbox 1146 3605 1241 3662; x_wconf 84' lang='lat' dir='ltr'>1o.-</span> <span class='ocrx_word' id='word_1_331' title='bbox 1204 3623 1323 3669; x_wconf 51' lang='lat' dir='ltr'>-ree</span> 
     </span>
     <span class='ocr_line' id='line_1_33' title="bbox 261 3684 854 3760; baseline 0.002 -18"><span class='ocrx_word' id='word_1_332' title='bbox 261 3687 402 3759; x_wconf 73' lang='lat' dir='ltr'>felleadt]</span> <span class='ocrx_word' id='word_1_333' title='bbox 422 3684 587 3757; x_wconf 74' lang='lat' dir='ltr'>repellendi</span> <span class='ocrx_word' id='word_1_334' title='bbox 602 3687 653 3760; x_wconf 79' lang='lat' dir='ltr'>Lg.</span> <span class='ocrx_word' id='word_1_335' title='bbox 673 3692 705 3745; x_wconf 92' lang='grc'>14</span> <span class='ocrx_word' id='word_1_336' title='bbox 722 3707 794 3746; x_wconf 88' lang='lat' dir='ltr'>corr.</span> <span class='ocrx_word' id='word_1_337' title='bbox 814 3691 854 3747; x_wconf 86' lang='lat'>15.</span> 
     </span>
    </p>
   </div>
   <div class='ocr_carea' id='block_1_8' title="bbox 265 3785 1314 4200">
    <p class='ocr_par' dir='ltr' id='par_1_8' title="bbox 265 3785 1314 4200">
     <span class='ocr_line' id='line_1_34' title="bbox 273 3785 1309 3862; baseline 0.003 -21"><span class='ocrx_word' id='word_1_338' title='bbox 273 3827 276 3833; x_wconf 80' lang='lat'>·</span> <span class='ocrx_word' id='word_1_339' title='bbox 340 3785 518 3841; x_wconf 59' lang='grc'><strong>17141258.</strong></span> <span class='ocrx_word' id='word_1_340' title='bbox 555 3805 603 3841; x_wconf 82' lang='lat' dir='ltr'>mc</span> <span class='ocrx_word' id='word_1_341' title='bbox 626 3788 764 3858; x_wconf 83' lang='lat' dir='ltr'>Hercule]</span> <span class='ocrx_word' id='word_1_342' title='bbox 790 3792 833 3845; x_wconf 88' lang='lat' dir='ltr'>sie</span> <span class='ocrx_word' id='word_1_343' title='bbox 852 3790 902 3862; x_wconf 76' lang='lat' dir='ltr'>Lg.</span> <span class='ocrx_word' id='word_1_344' title='bbox 927 3790 970 3846; x_wconf 87' lang='grc'>67.</span> <span class='ocrx_word' id='word_1_345' title='bbox 998 3789 1041 3845; x_wconf 88' lang='grc'>69.</span> <span class='ocrx_word' id='word_1_346' title='bbox 1065 3789 1107 3844; x_wconf 87' lang='grc'>70.</span> <span class='ocrx_word' id='word_1_347' title='bbox 1132 3790 1174 3845; x_wconf 87' lang='grc'>81.</span> <span class='ocrx_word' id='word_1_348' title='bbox 1199 3789 1240 3844; x_wconf 91' lang='grc'>84.</span> <span class='ocrx_word' id='word_1_349' title='bbox 1265 3788 1309 3844; x_wconf 92' lang='grc'>86.</span> 
     </span>
     <span class='ocr_line' id='line_1_35' title="bbox 265 3868 1312 3945; baseline 0.003 -20"><span class='ocrx_word' id='word_1_350' title='bbox 265 3870 316 3925; x_wconf 79' lang='lat' dir='ltr'>Ga</span> <span class='ocrx_word' id='word_1_351' title='bbox 344 3870 369 3923; x_wconf 89' lang='lat' dir='ltr'>l.</span> <span class='ocrx_word' id='word_1_352' title='bbox 403 3887 451 3923; x_wconf 87' lang='lat' dir='ltr'>me</span> <span class='ocrx_word' id='word_1_353' title='bbox 473 3868 570 3924; x_wconf 84' lang='lat' dir='ltr'>ltercle</span> <span class='ocrx_word' id='word_1_354' title='bbox 595 3870 645 3944; x_wconf 81' lang='lat' dir='ltr'>Lg.</span> <span class='ocrx_word' id='word_1_355' title='bbox 669 3875 710 3929; x_wconf 92' lang='grc'><strong>76</strong></span> <span class='ocrx_word' id='word_1_356' title='bbox 746 3875 890 3929; x_wconf 73' lang='lat' dir='ltr'>mehercle</span> <span class='ocrx_word' id='word_1_357' title='bbox 915 3875 966 3945; x_wconf 79' lang='lat' dir='ltr'>Lg.</span> <span class='ocrx_word' id='word_1_358' title='bbox 990 3877 1016 3930; x_wconf 89' lang='grc'>3.</span> <span class='ocrx_word' id='word_1_359' title='bbox 1042 3875 1113 3930; x_wconf 84' lang='lat' dir='ltr'>vict</span> <span class='ocrx_word' id='word_1_360' title='bbox 1149 3874 1223 3939; x_wconf 85' lang='lat' dir='ltr'>Hoc,</span> <span class='ocrx_word' id='word_1_361' title='bbox 1250 3890 1312 3928; x_wconf 78' lang='lat' dir='ltr'>eum</span> 
     </span>
     <span class='ocr_line' id='line_1_36' title="bbox 266 3953 1313 4030; baseline 0.005 -23"><span class='ocrx_word' id='word_1_362' title='bbox 266 3953 428 4023; x_wconf 65' lang='lat' dir='ltr'>scripseram</span> <span class='ocrx_word' id='word_1_363' title='bbox 443 3953 508 4019; x_wconf 81' lang='lat' dir='ltr'>mliii</span> <span class='ocrx_word' id='word_1_364' title='bbox 525 3954 667 4023; x_wconf 83' lang='lat' dir='ltr'>probatam</span> <span class='ocrx_word' id='word_1_365' title='bbox 678 3976 794 4030; x_wconf 70' lang='lat' dir='ltr'>semper</span> <span class='ocrx_word' id='word_1_366' title='bbox 813 3960 894 4029; x_wconf 84' lang='lat' dir='ltr'>aliqui</span> <span class='ocrx_word' id='word_1_367' title='bbox 912 3959 974 4012; x_wconf 86' lang='lat' dir='ltr'>libri</span> <span class='ocrx_word' id='word_1_368' title='bbox 992 3960 1073 4028; x_wconf 82' lang='lat' dir='ltr'>eique</span> <span class='ocrx_word' id='word_1_369' title='bbox 1091 3975 1149 4011; x_wconf 86' lang='grc' dir='ltr'><strong>ιιοιι</strong></span> <span class='ocrx_word' id='word_1_370' title='bbox 1162 3958 1313 4026; x_wconf 82' lang='lat' dir='ltr'>spernendi</span> 
     </span>
     <span class='ocr_line' id='line_1_37' title="bbox 265 4035 1313 4113; baseline 0.005 -23"><span class='ocrx_word' id='word_1_371' title='bbox 265 4035 396 4090; x_wconf 82' lang='lat' dir='ltr'>exlrileere</span> <span class='ocrx_word' id='word_1_372' title='bbox 407 4037 523 4100; x_wconf 79' lang='lat' dir='ltr'>soleant,</span> <span class='ocrx_word' id='word_1_373' title='bbox 537 4054 592 4090; x_wconf 86' lang='lat' dir='ltr'>mou</span> <span class='ocrx_word' id='word_1_374' title='bbox 604 4042 707 4096; x_wconf 83' lang='lat' dir='ltr'>notabo</span> <span class='ocrx_word' id='word_1_375' title='bbox 719 4043 843 4113; x_wconf 85' lang='lat' dir='ltr'>posthac.</span> <span class='ocrx_word' id='word_1_376' title='bbox 854 4073 890 4084; x_wconf 91' lang='lat'>-</span> <span class='ocrx_word' id='word_1_377' title='bbox 907 4042 1127 4109; x_wconf 76' lang='lat' dir='ltr'>deterrendum]</span> <span class='ocrx_word' id='word_1_378' title='bbox 1141 4041 1313 4095; x_wconf 80' lang='lat' dir='ltr'>terrendum</span> 
     </span>
     <span class='ocr_line' id='line_1_38' title="bbox 265 4118 1314 4200; baseline 0.01 -29"><span class='ocrx_word' id='word_1_379' title='bbox 265 4119 315 4190; x_wconf 75' lang='lat' dir='ltr'>Lg.</span> <span class='ocrx_word' id='word_1_380' title='bbox 327 4118 370 4174; x_wconf 70' lang='grc'><strong>23</strong></span> <span class='ocrx_word' id='word_1_381' title='bbox 382 4119 425 4174; x_wconf 87' lang='grc'>67.</span> <span class='ocrx_word' id='word_1_382' title='bbox 438 4119 482 4175; x_wconf 90' lang='grc'>81.</span> <span class='ocrx_word' id='word_1_383' title='bbox 497 4118 541 4175; x_wconf 83' lang='grc'>84.</span> <span class='ocrx_word' id='word_1_384' title='bbox 552 4147 588 4159; x_wconf 89' lang='grc'><strong>-</strong></span> <span class='ocrx_word' id='word_1_385' title='bbox 607 4126 696 4194; x_wconf 82' lang='lat' dir='ltr'>enim]</span> <span class='ocrx_word' id='word_1_386' title='bbox 714 4144 767 4182; x_wconf 87' lang='lat' dir='ltr'>om.</span> <span class='ocrx_word' id='word_1_387' title='bbox 785 4127 836 4197; x_wconf 79' lang='lat' dir='ltr'>Lg.</span> <span class='ocrx_word' id='word_1_388' title='bbox 849 4127 875 4184; x_wconf 89' lang='lat'>6.</span> <span class='ocrx_word' id='word_1_389' title='bbox 890 4159 921 4170; x_wconf 94' lang='lat'><em>-</em></span> <span class='ocrx_word' id='word_1_390' title='bbox 940 4125 1184 4200; x_wconf 74' lang='lat' dir='ltr'>unamquemque]</span> <span class='ocrx_word' id='word_1_391' title='bbox 1203 4122 1314 4183; x_wconf 82' lang='lat' dir='ltr'>divisim</span> 
     </span>
    </p>
   </div>
   <div class='ocr_carea' id='block_1_9' title="bbox 0 0 1509 4602">
    <p class='ocr_par' dir='ltr' id='par_1_9' title="bbox 0 0 1509 4602">
     <span class='ocr_line' id='line_1_39' title="bbox 0 0 1509 4602; baseline 0 0"><span class='ocrx_word' id='word_1_392' title='bbox 0 0 1509 4602; x_wconf 95' lang='lat' dir='ltr'> </span> 
     </span>
    </p>
   </div>
  </div>
 </body>
</html>
