2968 4596
271 294 337 363 eo
622 384 627 389 θ
665 287 920 356 urcuuorus

269 459 321 526 36.
344 457 413 544 Ego
434 478 511 526 uero
534 460 563 524 si
582 458 677 524 uelim
699 470 729 524 et
751 469 877 525 nostrae
899 459 1034 525 civitatis
1054 459 1204 546 exemplis
1222 463 1264 526 uti
1282 472 1314 527 et

271 576 419 654 aliarum
442 577 533 664 plura
553 577 693 663 proferre
715 579 834 664 possim
856 576 1041 675 detrimenta
1060 576 1195 663 publicis
1209 576 1314 655 rebus,

270 716 363 782 quam
386 694 566 760 adiumenta
590 715 647 781 per
671 694 813 760 homiues
836 693 1109 780 eloquentissimos
1131 697 1313 781 importata,

269 813 327 879 sed
358 823 390 877 ut
420 811 544 897 reliqua
567 814 824 899 praetermittam,
857 813 992 877 omnium
1019 811 1094 878 mihi
1121 811 1232 879 uideor
1258 833 1316 877 ex-

269 932 381 1017 eeptis,
404 928 534 1007 Crasse,
556 929 647 996 vobis
670 928 790 995 duobus
812 929 1086 1015 eloquentissimos
1109 929 1236 994 audisse
1259 927 1312 996 Ti.

270 1058 301 1113 et
324 1044 358 1112 C.
375 1045 591 1133 Sempronios,
615 1067 745 1132 quorum
764 1057 853 1133 pater
872 1046 965 1113 homo
986 1046 1121 1133 prudeus
1144 1057 1174 1112 et
1194 1049 1313 1131 gravis,

269 1164 509 1252 haudquaquam
530 1165 695 1251 eloquens,
719 1174 749 1230 et
770 1184 865 1251 saepe
888 1163 971 1229 alias
993 1174 1023 1230 et
1042 1167 1177 1230 maxime
1200 1184 1314 1229 censor

45 1284 83 1347 .’
128 1340 196 1385 Μ.
270 1284 365 1349 saluti
390 1286 438 1349 rei
464 1282 609 1370 publicae
638 1282 703 1347 fuit.
746 1281 849 1368 Atque
871 1284 900 1347 is
921 1302 985 1348 nou
1007 1292 1155 1348 accurata
1177 1280 1313 1367 quadam

268 1403 419 1468 orationis
442 1402 547 1485 copia,
570 1399 627 1464 sed
648 1409 722 1466 uutu
745 1410 836 1486 atque
857 1399 954 1465 verbo
976 1398 1140 1466 libertinos
1162 1401 1196 1464 iu
1215 1397 1312 1464 urba-

267 1538 326 1582 nas
352 1515 450 1582 tribus
475 1517 648 1596 transtulit3
679 1518 762 1604 quod
788 1518 851 1582 uisi
877 1517 1022 1594 fecisset,
1050 1515 1310 1607 rempublicam,

268 1655 360 1721 quam
382 1654 463 1700 nuuc
484 1635 537 1700 vix
556 1644 710 1711 tenemus,
732 1637 796 1699 iam
818 1634 872 1700 diu
892 1633 1010 1699 nullam
1032 1632 1228 1700 haberemus.
1268 1633 1312 1699 At

265 1771 341 1818 uero
364 1754 432 1817 eius
453 1750 509 1816 filii
531 1750 639 1817 diserti
656 1762 686 1816 et
701 1751 842 1817 omuibus
864 1751 916 1817 uel
930 1742 1061 1817 naturae
1082 1751 1133 1816 vel
1150 1750 1311 1818 doctrinae

265 1869 433 1957 praesidiis
455 1868 498 1933 ad
519 1868 682 1934 dicendum
702 1870 818 1955 parati,
843 1889 912 1934 cum
928 1858 1089 1947 ,civitatem
1110 1869 1162 1934 vel
1181 1879 1311 1956 patemo

269 1985 404 2053 oonsilio
429 1984 481 2050 vel
508 1987 599 2049 avitis
622 1988 717 2049 armis
738 1984 990 2051 florentissimam
1012 1987 1220 2072 accepissent,
1248 1988 1312 2053 ista

264 2102 432 2193 praeclara
458 2100 691 2186 gubernatrice,
718 2114 750 2169 ut
772 2104 836 2181 ais,
866 2105 1023 2170 civitatum
1044 2104 1311 2190 eloquentiorem

265 2220 423 2310 publicam
445 2217 683 2308 dissipaverunt.

350 2471 391 2527 38.
423 2476 453 2526 ct
469 2473 601 2539 nostrae]
622 2478 651 2525 ot
665 2488 715 2525 oro.
737 2470 786 2543 hg.
801 2470 843 2527 69.
858 2473 900 2526 63.
920 2471 1019 2526 Gu.—-
1041 2473 1167 2543 possim]
1186 2488 1310 2544 possum

264 2558 313 2630 Lg.
332 2560 357 2612 4.
378 2557 410 2609 17
430 2573 500 2609 corr.
520 2555 622 2611 tuot.
641 2555 682 2610 69.
701 2556 770 2610 Vict.
787 2575 905 2629 possem
929 2557 978 2627 ug.
996 2556 1038 2609 20.
1058 2556 1098 2610 21.
1122 2557 1163 2610 76.
1181 2586 1216 2598 »-
1251 2560 1308 2610 int-

258 2643 396 2718 portata]
427 2647 589 2712 opportutu
609 2641 644 2695 U.
664 2671 701 2680 —-
733 2640 825 2709 uobis]
851 2639 935 2694 nobis
959 2642 1010 2695 Gu.
1030 2642 1055 2696 3.
1075 2671 1110 2681 -
1146 2642 1306 2710 audiuisse]

265 2728 388 2782 audisse
410 2726 461 2797 ug.
486 2725 510 2778 3.
530 2724 564 2777 67
588 2732 615 2777 ot
637 2726 692 2779 inv.
712 2756 748 2764 -
784 2725 838 2793 Tu]
867 2725 896 2778 T.
917 2743 1014 2796 progna
1032 2743 1095 2794 pors
1112 2726 1206 2790 codd„
1234 2727 1308 2793 qrroti

264 2830 319 2865 nou
343 2811 445 2864 notabo
470 2816 540 2880 post.
557 2838 593 2848 ν-
632 2810 730 2878 utque]
753 2814 837 2878 atqui
868 2809 918 2880 ug.
942 2809 967 2863 6.
992 2809 1034 2863 36.
1056 2808 1097 2863 76.
1116 2839 1153 2853 -ν
1188 2811 1226 2878 to]
1253 2828 1306 2865 our.

263 2895 312 2966 ug.
333 2895 356 2949 7.
378 2894 403 2950 6.
425 2894 466 2951 lo.
484 2893 518 2946 36
536 2893 598 2946 adol.
620 2892 671 2946 Gn.
690 2894 715 2946 3.
733 2923 770 2934 ·—
804 2894 958 2961 occurretur]
978 2895 1127 2946 aulcorata
1144 2894 1194 2966 Lg
1212 2895 1253 2949 65.
1272 2926 1308 2934 -

262 2982 346 3048 autu]
378 2979 453 3032 Haeo
476 2977 617 3031 verissima
639 2977 774 3046 scripturo
797 2987 838 3031 est
860 2979 888 3030 iu
912 2978 1000 3032 llavu.
1025 2978 1047 3031 l.
1069 2978 1093 3032 2.
1114 3000 1140 3032 α.
1166 2978 1217 3033 Gur.
1239 2979 1260 3033 l.
1280 2980 1305 3035 7.

262 3066 311 3136 bg.
332 3064 373 3117 81.
399 3063 461 3116 edd.
483 3062 622 3129 antiquiss.
646 3070 672 3115 et
693 3063 786 3115 mirum
806 3072 912 3115 ceteros
931 3071 958 3115 et
977 3062 1181 3133 probatissimos
1199 3064 1308 3132 quidem

260 3150 345 3203 libros
363 3150 391 3201 iu
408 3149 502 3215 inepto
521 3146 567 3198 illo
587 3146 668 3198 creda
686 3147 856 3216 conspirare,
877 3146 951 3214 quod
970 3165 996 3216 p.
1013 3164 1072 3200 urar.
1087 3147 1250 3220 adscriptum
1266 3157 1309 3211 est

261 3235 289 3287 iu
306 3233 356 3303 hg.
375 3231 417 3285 81.
454 3228 526 3284 Natu
543 3231 634 3293 uude,
654 3231 727 3298 quod
744 3230 865 3283 Beckius
885 3232 1016 3296 coniecit,
1037 3231 1158 3284 elevavit
1176 3230 1309 3300 Oreliius,

260 3319 289 3372 iu
307 3303 382 3369 uuile
399 3314 505 3385 legitur.
525 3345 560 3354 -
595 3317 694 3383 utque]
719 3332 770 3369 om.
791 3314 842 3369 Gu.
866 3315 888 3369 l.
925 3314 1028 3368 Dubito
1049 3331 1083 3367 on
1103 3315 1174 3369 sorte
1194 3318 1241 3369 illa
1260 3324 1307 3371 ut-

262 3418 318 3472 que
343 3397 429 3452 verbo
454 3398 547 3450 addito
571 3400 625 3452 siut
651 3399 686 3452 ad
709 3399 940 3468 interpretandum
967 3405 1090 3462 autum5
1116 3401 1153 3453 ‹lc
1176 3402 1309 3471 particula

261 3484 418 3556 copulativa
441 3483 480 3535 sic
504 3482 576 3535 dicta
597 3483 748 3536 videbimus
771 3483 807 3537 ad
831 3483 863 3537 li.
885 3485 928 3549 33,
948 3484 1004 3538 lut.
1029 3483 1193 3553 libertinos]
1220 3485 1306 3540 liber-

260 3576 338 3626 rimo
359 3568 408 3640 Lg.
428 3568 453 3620 3.
474 3566 508 3619 ut
526 3583 595 3621 corr.
615 3567 657 3621 67.
683 3569 722 3621 ita
741 3585 808 3622 corr.
829 3567 845 3619 5
864 3585 886 3622 c.
907 3584 966 3622 vor.
986 3568 1130 3622 liborttao.
1167 3569 1308 3629 bumtltt

260 3674 286 3712 v.
300 3665 332 3710 ut
345 3656 370 3707 3.
390 3653 468 3706 inser.
486 3649 604 3721 culpari
618 3651 661 3706 65.
679 3650 763 3704 verbo
782 3669 851 3706 corr.
872 3651 1021 3705 liberrimo
1038 3652 1122 3706 uerbo
1141 3655 1182 3711 76.
1219 3655 1307 3710 libers

261 3744 324 3792 ttoo
345 3745 482 3806 expuncto
500 3734 643 3789 certost.
662 3765 699 3776 -
734 3740 797 3789 tam
814 3737 881 3804 oto}
896 3737 935 3789 sic
950 3738 1029 3795 codd.
1048 3737 1154 3808 plurimi
1172 3748 1200 3792 et
1217 3742 1308 3809 potio·

259 3840 313 3891 res.
330 3847 366 3862 —-
401 3820 563 3885 etsuttatom]
586 3824 721 3890 patrium
745 3819 794 3892 ug.
814 3824 830 3873 4
847 3838 916 3875 corr.
941 3829 970 3873 ot
991 3831 1058 3875 text.
1076 3850 1112 3863 »-
1143 3824 1306 3894 florentius.

260 3905 370 3976 accepa]
393 3902 448 3956 inv.
467 3900 568 3971 ugus,
596 3903 783 3978 adceptsseot
800 3904 844 3968 66,
860 3906 901 3961 st.
920 3934 956 3947 —
990 3907 1220 3985 dissipaverunt]
1243 3908 1308 3969 ctis·

262 3992 400 4064 siparuut
421 3984 473 4041 (iu.
492 3984 517 4040 2.
