2942 4608
380 329 440 396 uu
469 327 697 447 canneru
723 290 848 401 unua
869 331 921 400 un.
944 333 996 401 lt.
1114 336 1213 413 aar,
1235 362 1266 407 ,ι

163 501 265 566 onnus
289 499 361 566 laus
388 499 585 585 eloquentiae
613 504 794 567 continetur.
837 500 936 569 Nemo
959 504 1046 571 'enin
1070 525 1212 591 unquam

83 584 89 607 ⁶
162 628 212 682 est
237 627 406 695 oratorem,
434 617 517 703 quod
537 614 651 683 Latine
676 618 868 705 loqueretur,
895 621 1080 701 admiratus,
1107 624 1136 689 ai
1156 633 1208 691 est

162 734 268 810 aliter,
295 727 424 800 ¹irrident
454 755 556 821 neque
587 738 671 801 enim
701 756 771 803 eum
798 747 955 805 oratorem
984 741 1203 820 tantummodo,

118 826 125 834 s
162 851 219 917 scd
234 850 390 917 hominem
403 871 467 917 non
482 862 597 938 putant.
634 850 733 921 Nemo
748 853 856 919 extulit
870 875 940 919 eum
954 855 1070 935 verbis,
1092 859 1208 944 quiite
1259 893 1263 905 =
1293 862 1301 873 '

162 968 305 1046 dixisset,
335 980 368 1034 ut
394 971 447 1054 qui
473 969 629 1035 adessent.
647 970 859 1056 intelligerent
884 973 958 1058 quid
985 973 1117 1052 diceret,
1144 974 1207 1043 sed
1274 965 1284 973 ’

139 1087 342 1172 'contempsit
366 1105 449 1162 eum,
477 1089 530 1172 qui
554 1091 656 1183 minus
682 1089 716 1154 id
741 1089 848 1155 lacere
875 1092 1035 1176 potuisset.
1083 1090 1135 1157 63.
1165 1090 1206 1159 ln

158 1222 220 1288 quo
245 1204 340 1286 igitur
359 1200 500 1269 homines
522 1188 765 1273 enhorresonntl
792 1226 883 1292 quem
909 1208 1072 1293 stupefacti
1094 1208 1205 1276 dicen-.
1244 1287 1249 1300 Ι

157 1329 220 1384 tem
250 1321 427 1385 intuentur?
460 1323 493 1384 in
521 1341 582 1406 qno
609 1316 809 1407 exclamantt
841 1344 931 1410 quem
960 1324 1064 1402 doum,
1097 1335 1129 1393 ut
1155 1327 1204 1395 ita
1263 1366 1282 1389 ·.

158 1436 270 1514 dicam,
291 1438 373 1501 inter
391 1434 533 1528 homines
554 1445 681 1525 putantt
723 1439 785 1519 Qui
806 1441 950 1508 distincte
972 1443 1026 1527 qui
1046 1440 1201 1528 explicatu
1238 1428 1241 1433 ’

154 1528 210 1640 ¹qui
238 1554 432 1619 abundanter
457 1557 510 1640 qui
535 1555 708 1622 illuminate
736 1567 767 1622 et
791 1558 885 1624 rebus
913 1568 944 1624 et
964 1559 1070 1625 verbis
1095 1559 1203 1627 dicum

158 1681 189 1737 et
215 1674 249 1736 in
273 1673 345 1757 ipsa
370 1673 512 1738 oratione
539 1678 632 1759 quasi
652 1673 807 1760 quendam
834 1696 993 1741 numerum
1013 1695 1203 1761 versumque.

157 1787 341 1867 couiuumr
372 1791 393 1866 †
420 1789 463 1854 idw
478 1794 552 1866 est,
576 1767 662 1877 quod
690 1791 761 1858 dico
793 1802 924 1871 ornate3
957 1794 1010 1878 qui
1040 1792 1124 1857 iden
1154 1795 1201 1861 ita

156 2003 197 2059 73.
217 2004 258 2059 76.
276 2003 370 2059 Lamb.
390 2034 426 2045 —
455 2010 551 2061 omnis
570 2007 648 2075 laus]
668 2011 820 2078 omnesque
841 2007 906 2060 luas
924 2005 975 2078 bg.
993 2008 1035 2063 ⁸20.
1057 2041 1087 2048 —
1111 2025 1199 2068 nemu.

154 2094 234 2143 entim
250 2107 379 2160 anquam
397 2093 458 2159 est]
476 2099 521 2145 est
540 2100 603 2162 post
620 2110 706 2145 nemo
724 2093 834 2162 ponitur
852 2093 877 2144 in
896 2091 946 2162 ng.
966 2092 1008 2147 84.
1026 2123 1061 2132 -
1088 2089 1122 2147 εἴ
1134 2084 1199 2162 est]

146 2174 207 2228 sed
223 2178 252 2228 st
269 2182 314 2228 est
330 2174 379 2247 ng.
396 2175 437 2231 15.
449 2204 482 2216 ·-
503 2177 577 2246 quid
593 2177 722 2253 diceret]
741 2177 820 2247 quod
838 2175 894 2231 dte.
914 2175 965 2247 Lg.
982 2176 1021 2231 ln.
1034 2178 1077 2233 23.
1096 2178 1138 2233 67.
1151 2178 1195 2234 ou.

238 2294 280 2347 53.
317 2293 350 2345 id
367 2298 424 2355 est,
446 2294 526 2362 quod
545 2294 612 2346 dico
631 2295 747 2361 ornate]
772 2294 850 2348 codd.
869 2295 1062 2364 plerorumque
1085 2303 1113 2347 et
1132 2293 1194 2349 edel.

150 2376 312 2444 scripturam
330 2374 394 2428 Sch.
413 2372 514 2445 ΜικΙΙ.
531 2377 566 2434 de
584 2374 741 2430 coniectura
757 2378 796 2430 ite
812 2373 959 2442 ruretenent,
979 2386 1008 2429 ut
1027 2378 1196 2446 corrigerent

153 2459 187 2513 td
208 2465 268 2521 eat,
293 2462 346 2528 qui
360 2446 469 2512 'nitentat
493 2466 604 2514 ornate.
640 2459 778 2513 Matthiae
801 2461 829 2512 in
852 2460 984 2522 Seebodii
1007 2459 1087 2514 Misc.
1110 2460 1153 2515 Cr.
1173 2460 1194 2517 1.

153 2561 180 2614 p.
199 2541 258 2597 682.
282 2541 329 2597 illa
349 2542 436 2598 verba
458 2543 663 2613 interpolatoris
683 2561 791 2597 manum
811 2543 916 2596 referre
936 2551 1019 2613 putat.
1056 2536 1197 2609 „Crassus

112 2652 117 2661 ·
152 2627 189 2680 ad
208 2645 257 2693 ea,
281 2644 351 2696 quae
374 2627 433 2697 ipse
457 2628 653 2699 interrogavit,
677 2619 846 2697 respondens
869 2644 924 2680 non
949 2628 1021 2680 nude
1045 2629 1121 2698 ponit
1144 2632 1196 2699 qui

153 2718 256 2766 amate
280 2719 309 2765 et
334 2717 405 2783 apte
433 2711 521 2776 decor,
553 2713 601 2765 sed
627 2712 676 2765 has
700 2713 835 2766 oratorias
860 2713 974 2766 virtutes
999 2712 1111 2782 priunum
1136 2713 1201 2768 allis»

151 2796 246 2850 uerbis
263 2797 499 2865 circumloquitur,
523 2797 622 2850 deinde
647 2799 721 2867 ipsas
740 2796 849 2851 addit.“
874 2795 965 2850 Hercu.
1002 2797 1048 2850 Ait
1065 2796 1135 2850 idern
1153 2815 1195 2851 se·

152 2883 264 2950 quentia
289 2884 340 2950 pai
362 2881 443 2933 idem
464 2912 496 2922 -
514 2885 539 2934 tt·
562 2889 629 2934 sunt
652 2879 819 2935 definitionis
843 2881 955 2934 ionnann
982 2882 1111 2947 induere,
1136 2892 1196 2934 cunn'

152 2955 329 3035 exspectetur
342 2982 517 3035 responsum3
535 2975 677 3035 praestare
691 2966 771 3036 igitur
784 2983 842 3019 curn
854 2965 1002 3019 Schuetnio
1016 2974 1043 3018 et
1054 2964 1194 3020 Muellero

150 3049 244 3119 legere
262 3056 291 3102 et
308 3055 391 3113 aaut,
417 3066 471 3119 quo
494 3050 566 3103 lacto
590 3051 660 3104 duae
678 3051 829 3104 sententiae
850 3052 915 3103 satis
935 3058 998 3120 apte
1018 3050 1194 3121 colligentur:

151 3136 205 3203 pai
222 3132 361 3186 distincte
374 3163 424 3198 -,
443 3138 496 3203 qut
512 3135 600 3189 idem.
636 3134 790 3207 ingeniose,
808 3135 858 3187 sed
875 3152 929 3188 non
950 3152 1024 3190 tuere.
1061 3134 1132 3188 'l'ota
1149 3141 1195 3189 reti

149 3217 255 3271 abillis
276 3219 392 3289 pendet,
416 3235 487 3289 quae
509 3219 534 3286 §.
553 3220 596 3274 54.
615 3221 840 3290 pronuntiantur,
864 3219 938 3287 quod
955 3219 1091 3271 Antonius
1111 3237 1193 3289 nega·

148 3302 234 3357 visset
253 3320 283 3356 se
300 3303 400 3357 vidisse
424 3312 452 3356 et
472 3303 518 3374 qui
538 3313 634 3358 ornate
658 3314 686 3358 et
706 3304 750 3372 qui
771 3313 834 3373 apte
852 3303 983 3355 dicerent.
1019 3299 1050 3354 ln
1068 3303 1115 3355 tali
1133 3320 1194 3355 sen·

143 3388 234 3439 ‘tentia
248 3386 508 3457 Qaribusauernbris
527 3406 595 3459 opus
615 3397 663 3442 est.
699 3388 763 3445 Qua
781 3388 816 3440 de
836 3404 867 3439 re
884 3384 1073 3456 corrigendum
1092 3402 1192 3441 conseo

150 3474 175 3524 a
193 3478 270 3534 sunt,
288 3476 338 3541 poti
354 3471 587 3536 climatorem,
608 3481 635 3526 et
650 3472 823 3526 distinctione
837 3470 953 3525 maxima
970 3479 1033 3524 ante
1050 3472 1194 3540 quotidem

148 3553 257 3608 sublata
274 3555 345 3609 duae
358 3556 510 3610 sententiae
529 3558 556 3609 in
568 3574 648 3610 ennam
668 3555 884 3625 coniungendae.
915 3550 1058 3608 Posterius
1070 3555 1192 3624 lecimus,

148 3640 224 3709 prins
249 3639 370 3693 indicare
393 3641 461 3694 sistis
482 3642 608 3709 diluimus
634 3642 661 3693 in
684 3639 737 3692 hac
761 3638 840 3692 codd.
866 3639 1031 3692 conditione:
1067 3638 1193 3695 Ceterum

148 3740 201 3792 pro
219 3722 252 3775 id
266 3728 311 3775 est
327 3722 377 3793 lug.
389 3724 431 3778 34.
445 3725 488 3779 65.
505 3726 545 3780 76.
562 3726 656 3790 idem,
675 3723 774 3777 deinde
788 3723 908 3793 quidem
926 3741 977 3793 pro
993 3727 1045 3793 pat
1058 3724 1137 3778 itiam
1148 3725 1191 3780 81.

149 3805 220 3859 Vict.
257 3793 308 3876 pa'i
324 3808 443 3876 patulam
460 3809 485 3863 3.
502 3811 527 3863 6.
553 3810 592 3863 lo.
615 3810 654 3863 16
676 3808 715 3861 17.
739 3808 780 3862 no
799 3807 842 3863 nl.
860 3808 894 3861 34
912 3826 981 3863 corr.
1005 3807 1047 3863 33.
1067 3810 1102 3864 35
1119 3827 1191 3865 corr.

143 3894 202 3961 *put
212 3908 284 3945 rem.
298 3890 340 3946 65.
357 3893 452 3948 7613.
467 3894 509 3949 86.
533 3894 656 3964 putdam
672 3893 707 3946 84
718 3910 788 3946 corr.
808 3902 837 3946 ut
849 3894 874 3948 3.
899 3897 951 3964 put·
967 3894 1001 3947 tu
1014 3891 1134 3963 putidam
1148 3894 1192 3949 aa
1239 3958 1244 3964 .

148 3980 201 4046 put
217 3974 273 4030 hoc
291 3977 371 4031 idem
393 3977 487 4032 Lamb.
524 3980 616 4032 tidem
640 3996 689 4049 pro
713 3979 793 4031 idom
812 3979 945 4032 suadebat
963 3978 1046 4043 Ena,
1069 3995 1125 4031 non
1146 3994 1192 4030 ne-

148 4063 269 4117 ccssaria
291 4064 478 4129 correctione,
504 4080 563 4116 cum
586 4049 682 4117 reiensi
707 4072 771 4133 apte
790 4063 876 4132 possit
899 4064 934 4116 nd
953 4062 1063 4130 aliquod
1083 4060 1192 4121 atem,

148 4162 172 4199 s.
186 4145 360 4211 dictionem
379 4147 454 4217 quod
467 4148 627 4203 sumendum
645 4165 679 4201 eu
696 4148 879 4219 praecedente
897 4147 1010 4200 dicuat.
1023 4172 1058 4185 -
1075 4149 1110 4197 at
1121 4158 1194 4213 per*

918 4243 984 4307 30*
