2968 4596
286 357 369 415 xvffl
560 346 563 352 '
667 332 943 405 ruaururlo

285 507 475 583 Manutisoa
507 504 569 578 sub
602 526 737 619 numero
769 508 819 580 87
824 562 833 581 .
870 508 973 583 latere
1003 506 1157 598 viduor,
1196 507 1343 604 Craton-‚4

158 617 161 629 .
285 660 377 737 drinn
408 656 470 731 sub
495 678 631 733 numero
657 660 746 750 98.;
780 658 1022 733 Lambininnom
1037 659 1211 755 designari
1240 664 1331 734 102.

286 835 331 882 ex
357 810 521 904 scriptura
546 809 619 881 inde
644 823 775 882 enomta
801 812 893 882 incide
919 813 1130 906 perspicitur.

247 928 256 936 .
359 1066 362 1069 .
390 960 577 1035 Editionum
603 982 675 1032 cun
697 925 935 1034 veternosum
955 965 1173 1035 recentiorum
1193 964 1333 1056 scriptu·

286 1137 340 1184 ras
377 1111 557 1183 aPearcio
585 1110 705 1184 Oreldio
740 1126 774 1183 et
802 1112 1023 1185 Henrichseno
1057 1074 1192 1207 sumpsi.
1249 1113 1332 1187 Cum

196 1310 202 1317 ·
287 1267 372 1339 enim
397 1262 517 1360 ubique
539 1263 607 1369 iere
633 1265 666 1334 in
684 1265 775 1335 vario
800 1265 1127 1375 mendorum'genere
1147 1223 1336 1359 conspirent

265 1441 368 1507 nee,
404 1417 433 1486 si
467 1438 541 1486 cum
569 1413 658 1486 libris
686 1414 918 1487 vetustioribus
945 1415 1200 1505 contendantur,
1235 1417 1335 1487 ullam

287 1568 518 1641 auctoritatem
539 1565 693 1659 habeant,
722 1591 777 1639 eas
804 1567 1004 1661 perlustrare
1027 1569 1141 1640 inutide
1163 1566 1331 1638 ducebam.

178 1744 183 1753 ’
287 1719 434 1808 Eorum,
470 1719 525 1813 qui
555 1731 632 1811 post
657 1717 834 1788 Ernestum
869 1718 901 1788 in
934 1717 1140 1790 emendandis
1169 1732 1204 1789 et
1228 1719 1333 1812 expli·

220 1850 223 1856 .
287 1872 397 1947 eandis
425 1869 465 1940 de
493 1867 630 1941 Oratore
658 1868 750 1941 libris
777 1869 902 1940 versati
927 1882 1018 1958 sunt,
1047 1870 1335 1963 omniumoptime

287 2022 327 2097 dc
350 2022 390 2095 iis
414 2021 535 2095 meruit
554 2018 742 2113 liudolphus
765 2018 989 2109 idaminimus,
1013 2019 1137 2093 Dauus.
1193 2018 1258 2110 Qui
1279 2020 1335 2091 vir

204 2213 208 2221 ·
288 2173 423 2266 egregia
462 2169 642 2241 eruditione
686 2182 720 2240 et
759 2171 825 2241 acri
860 2170 979 2241 iudicio
1022 2172 1200 2243 instructus
1235 2172 1334 2243 multa

253 2391 257 2395 .
288 2325 409 2399 rectius
436 2322 606 2394 constituit
636 2320 753 2414 partim
786 2335 919 2395 secutus
944 2321 1146 2416 Madvigium
1173 2322 1333 2394 hominem

286 2475 406 2547 Latine
437 2473 660 2546 doctissimum
687 2470 893 2543 et'idoneam
920 2497 1050 2567 operam
1083 2475 1117 2545 in
1141 2473 1241 2545 robus
1275 2497 1334 2567 po·

287 2627 449 2699 tissimum
475 2623 726 2718 interpretandis
752 2626 886 2717 posuit:
924 2637 980 2714 ut,
1010 2626 1039 2697 si
1066 2626 1147 2696 satis
1173 2617 1335 2698 valuisset

60 2768 82 2867 J
179 2760 184 2763 ⁵
287 2774 440 2849 subsidiis
455 2782 477 2868 ,'
514 2774 554 2846 ad
598 2771 829 2845 emendandum
856 2777 1067 2869 ‘scriptorem
1111 2798 1214 2871 panca
1254 2798 1333 2847 sane

286 2925 358 2997 aliis
395 2924 539 3028 reliqua*
558 2895 733 2997 iecisset.=
781 2923 886 2998 Multa
925 2927 1095 3022 eleganter
1129 2928 1259 3033 notavit
1299 2939 1335 2997 et

287 3076 434 3150 correxit
461 3074 598 3145 Ioannes
624 3073 746 3149 Bokius
771 3073 944 3149 Leidensis
979 3080 1013 3150 in
1039 3077 1203 3149 volumine
1229 3079 1333 3150 altero

210 3331 216 3340 ἱ
286 3226 502 3301 scholicorum
526 3223 834 3331 hypomnematum‚
870 3228 963 3300 cuius
996 3228 1070 3301 dibri
1088 3230 1243 3302 notitiem
1268 3229 1333 3299 iam

285 3379 355 3451 iere
385 3376 533 3451 absoluta
564 3400 637 3449 mea
664 3400 764 3471 opera
789 3391 904 3451 nactus
939 3378 979 3454 de
1009 3379 1117 3451 multis
1153 3379 1231 3451 mihi
1258 3402 1331 3451 cum

283 3531 339 3603 illo
364 3530 538 3603 convenire
564 3527 653 3620 vidi,
683 3551 701 3598 a
722 3527 892 3621 pluribus,
922 3553 995 3601 cum
1019 3530 1229 3602 coniectando
1256 3531 1330 3625 plus

284 3703 388 3775 aequo
422 3679 615 3768 indulserit,
651 3679 824 3753 dissentio.
878 3678 945 3754 Sed
978 3702 1082 3776 nuper
1115 3696 1251 3755 exomus
1277 3694 1331 3753 est

282 3830 480 3924 dionissius,
498 3840 501 3847 '
516 3831 571 3925 qni
604 3829 705 3902 libros
742 3829 782 3901 de
809 3828 946 3903 Oratore
981 3834 1218 3907 commentariis
1247 3830 1329 3905 Ger·

282 3983 408 4053 manico
434 4004 585 4052 sermone
610 3982 815 4081 conscriptis
832 3983 1009 4056 instructos
1033 3983 1147 4057 ederet
1171 3986 1204 4056 in
1226 3983 1330 4078 pubii-

281 4143 366 4205 cum.
421 4131 454 4202 Is
487 4154 553 4226 quo
583 4130 677 4203 modo
711 4134 899 4226 interpretis
928 4157 1062 4210 munere
1088 4138 1169 4209 satis
1197 4136 1325 4226 iecerit,
