2968 4596
550 297 839 389 rnnrrsrro.
1161 322 1218 373 ιιι

167 498 309 550 munere
341 477 388 547 ita
420 472 554 569 defungi
586 475 626 548 iis
660 476 756 569 licet,
792 487 830 548 ut
852 469 974 547 Aldum
1000 472 1221 568 exprimentes

132 602 136 607 ι
175 641 305 700 ceteros
341 627 488 698 homines
529 626 609 699 nibil
640 625 765 699 vidisse
801 621 985 698 affirment!
1039 621 1108 697 Sed
1141 624 1222 699 haee
1324 600 1329 609 ’

22 764 23 775 ¹
121 760 131 771 ⁵
169 794 225 852 cst
246 776 358 872 inepta
381 791 416 849 et
437 777 588 849 illiterata
611 778 865 873 vaniloquentia.
919 770 1094 872 Agendum
1119 776 1222 872 igitur

168 932 344 1026 negotium
368 944 420 1001 est
453 929 527 1000 olim
554 930 727 1024 philologis
763 954 804 1001 ne
826 927 959 1001 littaris
986 927 1113 1024 quidem
1138 929 1221 1000 sotis

22 1082 56 1189 p>
170 1085 364 1178 cognitum,
400 1094 438 1152 nt
470 1105 512 1152 cx
538 1081 631 1154 libris
658 1083 789 1177 scriptis
818 1090 969 1152 accurate
995 1080 1122 1152 collatis
1147 1081 1220 1153 vnt-
1318 1104 1321 1109 ·

170 1247 272 1329 gatae
298 1234 481 1327 scripturae
512 1234 583 1305 sive
610 1254 691 1304 vera
717 1234 789 1305 sive
817 1232 899 1303 falsa
927 1244 1083 1303 eruantur
1108 1243 1142 1303 ct
1168 1231 1224 1303 vel

173 1383 407 1456 confirmentur
432 1384 488 1455 vel
513 1398 703 1480 arguantur.
760 1381 833 1475 Quo
854 1405 988 1455 munere
1012 1383 1042 1454 si
1066 1382 1221 1478 religioso

173 1537 344 1631 iungaris,
372 1535 458 1608 siem
482 1537 516 1606 in
543 1535 703 1608 Cicerone
730 1533 871 1607 Orellius
897 1532 1071 1627 Zumptius
1095 1533 1221 1608 Freun·

177 1686 253 1758 dius
286 1686 430 1759 lllotzins
466 1687 640 1780 lecerunt,
683 1708 761 1756 mox
802 1685 899 1779 paulo
939 1684 1150 1779 integriorem
1190 1698 1225 1758 et

178 1839 353 1913 certiorem,
381 1841 453 1911 eius
484 1861 614 1910 manum
645 1837 856 1933 assequeris,
891 1858 987 1932 quam
1014 1836 1054 1908 in
1079 1837 1223 1931 vulgatis

176 1990 415 2085 exemplaribus
450 1991 692 2065 circumfertur.
752 1949 890 2061 Videbis
923 1989 1023 2062 multa
1055 1986 1150 2061 dublo
1182 1988 1223 2062 do

175 2142 256 2212 vitio
295 2155 353 2212 ant
392 2142 641 2236 interpolatione
676 2153 830 2235 suspects
869 2140 900 2212 in
937 2140 1025 2212 nullo
1065 2139 1224 2213 bonorum

175 2291 336 2366 librorum
360 2293 427 2386 legi
450 2294 505 2364 vel
526 2292 639 2364 horum
666 2315 728 2387 ope
752 2291 845 2364 facile
867 2292 1002 2388 corrigi,
1029 2292 1094 2364 alia
1118 2292 1223 2364 videri

177 2446 386 2533 incorrupta,
414 2464 496 2536 quae
515 2443 649 2514 vulnera
667 2443 772 2515 lallsci
794 2442 942 2514 sanitatis
964 2445 1075 2537 specie
1094 2455 1223 2538 tegant,

181 2591 360 2666 verborum
395 2591 633 2664 collocationem
671 2592 851 2666 secundnm
883 2614 1017 2663 sensum
1055 2592 1110 2662 vel
1146 2593 1226 2664 artis

90 2702 93 2708 ι
176 2743 287 2839 legem
320 2757 503 2839 suspectam
534 2769 640 2840 saepe
668 2769 741 2817 cum
770 2744 942 2818 testatiore
969 2742 1226 2816 commutandum

177 2919 280 2989 esse,
315 2918 413 2993 saepe
449 2898 546 2968 etiam
580 2920 693 2969 veram
719 2896 950 2969 vocabulorum
982 2895 1226 2970 scribendorum

22 3024 24 3049 l
72 3029 80 3101 2
175 3048 359 3151 rationem,
393 3050 427 3120 in
453 3071 517 3144 qua
539 3072 658 3146 magna
682 3073 726 3120 ex
751 3061 843 3143 parte
870 3072 890 3119 a
914 3047 1079 3122 codicibus
1106 3050 1224 3145 pende·

178 3221 279 3294 mus,
306 3200 496 3274 certissimis
524 3199 725 3273 documentis
754 3201 885 3272 lirmari.

239 3441 242 3445 ,
275 3348 317 3422 ⁴ld
337 3356 470 3446 munns3
494 3356 567 3423 c'um
587 3351 705 3424 idoneo
725 3349 869 3424 subsidia
891 3348 931 3420 ad
952 3369 1080 3420 manum
1098 3357 1225 3439 essent,

175 3502 277 3574 ctiam
308 3500 388 3573 mibi
422 3501 664 3596 suscipiendum
697 3522 771 3573 csso
798 3501 899 3595 duxi,
934 3503 1070 3597 eiusque
1100 3503 1227 3574 consilii

175 3651 381 3748 exsequendi
403 3644 504 3728 'ratio
547 3652 621 3725 talis
655 3652 727 3725 uit„
800 3651 882 3726 Cum
915 3652 1060 3726 viderem
1093 3632 1228 3748 propter
1301 3614 1305 3622 ¹

174 3805 359 3898 scripturas
393 3804 624 3899 discrepantes·
643 3806 798 3900 plurimas
833 3804 1091 3911 emendationum
1118 3804 1227 3877 delon-

25 4002 44 4054 ¹,
174 3954 355 4029 dendarum
380 3958 610 4028 necessitatem
636 3979 745 4029 rerum
773 3956 1036 4050 explicandarum
1062 3966 1097 4025 et
1118 3955 1227 4049 gravi·
1253 4024 1259 4033 ,

25 4082 26 4101 ¹
126 4144 133 4163 ι
174 4119 282 4180 tatem
299 4120 343 4180 <ot
366 4108 492 4203 copiam
517 4099 595 4182 lieri
614 4131 679 4181 non
705 4131 804 4203 posse
815 4159 832 4203 ‚¹
854 4118 893 4179 ut
917 4125 956 4178 ea
982 4104 1104 4191 omnia,
1132 4120 1227 4193 quem
