2980 4602
211 369 220 386 ,
263 287 356 356 mo
659 254 917 348 crcenonrs

331 449 474 517 XLVII.
505 448 581 518 764.
601 443 683 516 Mihi
703 471 794 528 vero,
816 452 915 536 inquit
936 447 1077 527 Mucius,
1100 452 1180 516 satis
1203 471 1310 538 snper-

263 589 324 655 que
345 569 403 637 abs
424 580 455 635 te
470 544 601 653 videtur
612 571 742 635 istorum
765 568 886 645 studiis,
905 554 938 632 si
959 567 1052 633 modo
1075 578 1146 632 sunt
1168 569 1309 646 studiosi,
1413 570 1417 585 '

263 706 336 753 esse
358 684 483 753 iactum.
519 684 600 751 Nam
620 696 653 750 ut
668 684 833 752 Socratem
854 685 942 750 illum
957 680 1084 750 solitirm
1102 688 1189 751 aiunt
1204 686 1309 752 dicere

261 803 432 890 perlectum
467 804 529 869 sibi
556 823 633 889 opus
660 823 748 879 esse,
784 805 813 868 si
840 805 996 887 quinatis
1024 813 1109 868 esset
1138 805 1310 869 concitatus

263 920 479 988 cohortatione
509 939 569 986 sua
591 921 632 986 ad
654 920 788 985 studium
810 919 1051 1004 cognoscendae
1073 921 1324 1007 percipiendae-⁷

261 1058 321 1124 que
347 1039 489 1120 virtutis3
520 1023 742 1122 quibus'euim
767 1036 801 1102 id
826 1057 1011 1123 persuasum
1041 1047 1141 1113 esset,
1171 1047 1204 1102 ut
1228 1037 1308 1102 nilril

262 1154 392 1222 mallent
419 1174 491 1220 esse
515 1174 550 1218 se
573 1173 667 1239 quam
686 1154 788 1221 honos
809 1155 913 1230 viros,
943 1155 983 1222 iis
1005 1153 1160 1239 reliquam
1180 1153 1307 1219 facilem

262 1293 335 1339 csse
358 1272 545 1338 doctrinam:
569 1273 616 1337 sic
638 1291 698 1355 ego
720 1266 881 1355 intellego,
904 1272 932 1335 si
954 1275 988 1335 in
1006 1269 1095 1346 haec,
1118 1290 1198 1355 quae
1220 1281 1308 1357 patc-

260 1390 336 1457 feeit
362 1390 504 1457 oratione
534 1407 593 1453 sua
621 1386 774 1477 Crassus,
802 1390 920 1453 intrare
947 1385 1126 1465 volueritis,
1151 1387 1306 1457 facillime

196 1588 199 1601 ⁸
258 1526 317 1572 vos
341 1505 447 1581 adea,
470 1524 550 1590 quac
574 1506 695 1591 cupitis,
716 1515 920 1591 perventuros
943 1504 982 1570 ab
1004 1504 1172 1572 hoe-aditu
1193 1507 1315 1570 ianuae·

262 1643 321 1709 que
348 1622 516 1709 patefacta.
564 1622 638 1687 205.
670 1618 887 1699 Nobiscum,
914 1624 1013 1707 inquit
1039 1619 1212 1708 Sulpicius,
1243 1624 1307 1688 ista

260 1750 331 1806 sunt
352 1749 501 1827 pergrata
521 1758 637 1826 perque
664 1730 819 1817 iueundass
846 1738 903 1804 sed
924 1758 1026 1825 pauca
1051 1735 1146 1806 etiam
1171 1741 1306 1825 requiri„

191 1855 199 1863 “
259 1878 327 1923 mus
355 1859 389 1922 iu
408 1858 578 1943 primisque
603 1875 659 1933 ea,
687 1876 768 1941 quae
788 1856 882 1923 valde
903 1856 1041 1925 breviter
1066 1866 1150 1934 ate,
1179 1854 1303 1935 Crasse,

259 1974 298 2038 de
326 1975 397 2059 ipsa
425 1983 490 2043 arte
512 1992 664 2059 percursa
685 1983 769 2051 sunt,
797 1993 868 2039 enm
892 1958 951 2039 illc
971 1983 1001 2038 te
1028 1984 1058 2042 ct
1079 1993 1143 2042 non
1168 1985 1307 2045 contem·

257 2110 333 2156 nere
356 2101 386 2155 et
407 2089 558 2155 didicisse
581 2089 773 2157 confiterere.
816 2087 865 2155 Ea
892 2092 920 2154 si
940 2090 1035 2176 paulo
1057 2090 1153 2186 latins
1176 2091 1302 2169 dixeris,

160 2213 163 2219 '
257 2207 393 2296 expleris
422 2227 543 2278 omnem
570 2210 833 2299 exspectationem
860 2208 996 2273 diuturni
1022 2208 1173 2274 desiderii
1194 2211 1302 2275 nostri.

257 2322 338 2392 Nam
376 2345 458 2390 nunc
496 2323 607 2409 quibus
643 2324 826 2396 studendum
861 2324 956 2391 rebus
973 2380 977 2388 ,
993 2335 1078 2390 esset
1115 2330 1301 2414 accepimus,

255 2443 339 2531 qued
365 2445 466 2530 ipsum
494 2452 671 2513 esttamen
698 2462 864 2527 magnum
892 2442 948 2510 scd
974 2445 1043 2509 vias
1070 2463 1179 2515 earum
1199 2465 1301 2510 rerum

340 2674 452 2737 xcvii.
488 2678 549 2733 704.
584 2677 666 2748 eunt]
685 2682 746 2732 sint
763 2677 812 2750 [ις.
835 2679 875 2733 16.
894 2678 937 2755 76.
957 2673 998 2733 70.
1018 2680 1059 2734 73.
1076 2709 1112 2718 -
1135 2679 1194 2731 eidi
1212 2681 1301 2752 opne]

252 2765 309 2818 inv.
329 2762 378 2834 ng.
392 2762 435 2816 77.
462 2781 525 2815 esse
544 2780 597 2816 om.
615 2763 665 2834 Lg.
680 2764 715 2817 3:
727 2762 759 2815 15
772 2763 834 2816 add.
854 2763 895 2817 73.
910 2765 952 2818 67.
967 2793 1003 2805 —-
1021 2767 1050 2815 si
1065 2761 1127 2831 qni]
1148 2766 1192 2815 sic
1209 2762 1259 2834 Lg.
1273 2765 1299 2826 3,

254 2847 279 2901 a.
301 2847 342 2901 rc.
361 2847 396 2899 m
413 2864 483 2900 corr.
503 2848 543 2901 35.
563 2847 606 2902 ec.
625 2849 668 2903 77.
686 2847 728 2902 ro.
747 2849 788 2902 73.
808 2849 849 2903 77.
868 2849 910 2902 ar.
932 2834 982 2901 cu.
999 2847 1021 2904 r.
1052 2851 1132 2915 siqui
1148 2847 1191 2901 eo.
1228 2847 1300 2903 cett.

254 2939 283 2986 et
299 2932 364 2985 olim
382 2931 456 3002 vulg.
476 2936 601 3002 siquis,
620 2949 672 2985 nec
692 2932 821 2986 deterius.
843 2964 874 2978 -ν
898 2931 1176 3006 percipiendaeque]
1193 2934 1299 3006 perfia.

252 3014 303 3085 Lg.
321 3015 347 3069 3.
363 3017 406 3070 67.
437 3021 568 3089 peropic.
587 3016 628 3074 71.
655 3017 936 3093 periclitanduepue
953 3018 995 3071 84.
1015 3019 1150 3087 scriptura
1167 3035 1300 3072 memoro.

251 3099 314 3153 bilis
333 3109 361 3156 ei
379 3100 497 3155 sonasse
514 3118 590 3154 vero.
605 3131 640 3140 —
660 3119 724 3153 esse
740 3101 784 3171 se]
802 3102 841 3155 sic
858 3101 943 3154 chr.
962 3119 997 3155 ex
1015 3103 1066 3156 Gn.
1081 3102 1104 3156 l.
1118 3103 1142 3156 7.
1170 3101 1259 3156 Havu.
1276 3106 1298 3160 Ι.

157 3221 159 3225 -
251 3187 277 3240 7.
296 3185 331 3239 nl.
354 3184 450 3242 Lamb,
469 3185 665 3256 praeeuntibus
683 3186 747 3240 Scin.
768 3173 795 3239 ct
814 3184 879 3250 0r,;
905 3187 1039 3242 accedunt
1055 3185 1106 3257 Lg.
1126 3186 1151 3241 3.
1167 3188 1191 3241 5.
1209 3189 1234 3242 o.
1255 3189 1297 3243 lo.
1408 3184 1415 3195 '

177 3276 179 3285 ⁴
251 3270 294 3324 70.
313 3271 356 3329 71.
374 3270 416 3325 73.
435 3272 476 3326 74.
495 3270 537 3326 35.
555 3271 599 3325 65.
616 3273 659 3325 67.
681 3272 722 3326 76.
743 3271 784 3330 73,
804 3273 845 3326 76.
866 3272 908 3325 84.
926 3271 968 3331 86,
984 3273 1013 3323 *is
1031 3287 1129 3323 vocum
1146 3273 1251 3341 positus
1270 3273 1297 3326 in

184 3426 187 3429 Ι
250 3354 322 3408 Viot.
344 3356 481 3415 indicatur
500 3373 585 3427 supro
607 3357 703 3426 positis
726 3357 843 3409 literulis
866 3356 928 3410 a.b.
960 3353 1034 3410 Olim
1051 3357 1105 3409 inv.
1128 3386 1163 3401 -ι-
1194 3356 1246 3426 iis]
1271 3361 1299 3411 ie

249 3437 300 3510 ng.
325 3440 415 3495 5.·65.
451 3439 499 3494 hic
522 3442 546 3495 6.
572 3441 614 3496 69.
635 3442 677 3494 76.
698 3441 742 3495 87.
764 3440 806 3495 84.
830 3467 866 3482 ·-
897 3438 1047 3515 7777711797]
1072 3441 1112 3493 sic
1134 3440 1184 3512 Lg.
1203 3442 1245 3495 70.
1261 3469 1302 3486 .-.,

171 3556 174 3565 1
249 3524 373 3597 cupitis]
395 3526 483 3579 volite
500 3524 550 3597 Lg.
570 3526 613 3580 35.
635 3525 672 3578 lta
690 3542 760 3583 corr.
777 3524 821 3580 81.

333 3609 393 3664 765.
427 3610 551 3686 perque]
571 3616 659 3679 atquc
675 3609 727 3681 ng.
742 3610 783 3664 35.
800 3639 837 3648 —
854 3612 1050 3682 inprimisque
1068 3607 1116 3678 77]
1135 3626 1188 3662 orn.
1207 3608 1259 3664 Gu.
1271 3609 1297 3664 l.

248 3692 356 3751 divisim
374 3694 440 3751 Vlll
456 3694 552 3760 codd,
571 3711 685 3763 quornm
700 3704 763 3749 sunt
782 3694 823 3749 65.
843 3696 885 3749 67.
902 3694 945 3748 81.
964 3693 1007 3747 93.
1043 3697 1183 3765 inprimis
1201 3695 1243 3748 74.
1261 3724 1298 3734 -
1332 3700 1342 3713 “

248 3778 433 3851 confiterere]
458 3779 596 3852 confitere
618 3779 689 3833 Viet.
727 3777 887 3854 confiteare
910 3778 960 3849 Lg.
983 3777 1017 3830 74
1037 3794 1108 3831 corr.
1129 3809 1160 3818 —
1186 3777 1296 3849 puolo]

247 3861 288 3914 eie
307 3863 377 3921 Viet.
393 3870 427 3916 >et
448 3862 499 3933 Lg.
518 3880 614 3917 omncs
630 3872 742 3932 praeter
759 3864 784 3918 3.
803 3865 827 3918 5.
847 3892 884 3905 --
912 3861 1180 3935 exspectationem]
1203 3880 1218 3914 e
1238 3879 1295 3915 non

247 3955 399 4013 agnoscunt
421 3946 472 4017 leg.
499 3963 593 4000 ornnes
616 3955 726 4015 praeter
748 3949 772 4001 3.
799 3947 824 4002 5.
843 3975 878 3993 ·-
913 3944 1094 4018 accepimns]
1121 3948 1295 4019 adeepimns

246 4025 298 4096 leg„
317 4026 342 4079 5.
361 4056 397 4070 -
421 4029 598 4099 esttamen]
618 4030 673 4083 inv.
694 4029 742 4101 cg.
760 4031 802 4085 73.

221 4187 225 4193 .
332 4109 393 4168 766.
428 4111 540 4186 adduc]
563 4112 671 4169 divisim
689 4113 740 4191 [ὅ.
759 4116 801 4172 67.
825 4142 863 4160 κ·
894 4112 1102 4189 iamdudum]
1127 4115 1168 4169 sie
1187 4114 1296 4174 divisim
