2938 4590
337 288 352 303 ⁸
384 271 443 339 DE
471 269 701 340 ousiosis
728 271 911 341 LIBERI!
933 274 985 341 68.
1124 277 1209 348 Μ

155 441 451 541 3366631169-
482 440 633 507 Turdam.
680 440 720 507 Ut
746 460 823 527 ege
852 442 906 527 qui
931 442 964 507 iu
989 439 1115 509 deiectu
1139 441 1210 510 Ne-

157 559 247 636 tellc‚
269 579 341 626 eum
363 560 598 625 excusationem
620 558 781 625 oculorum
803 577 824 624 a
845 579 894 625 me
916 579 981 626 nan
1002 561 1160 647 acciperet
1180 570 1212 627 et
1328 557 1333 565 ’

157 676 312 742 dixisset:
350 676 398 740 Τιι
416 679 518 758 icitur
544 678 624 742 cittii
651 678 828 742 61369-
862 677 931 759 Euo
955 697 1047 752 eerc,
1073 679 1210 764 iuquam,

155 805 304 875 apertu
335 794 507 876 Esquilina
536 795 627 859 video
657 795 767 859 villum
797 805 895 861 tecm.
954 794 1028 861 976
1060 793 1099 860 Ut
1132 795 1212 862 illud

156 908 319 977 Nasicae:
347 906 400 996 qui
427 930 497 976 cum
523 909 564 975 ad
584 919 710 997 poetam
730 908 864 976 Ennium
884 913 1025 979 venisset
1050 913 1141 998 eique
1169 900 1210 979 uli

154 1030 239 1095 ustie
267 1028 435 1114 quaerenti
459 1025 599 1093 Ennium
620 1028 739 1095 anciila
766 1028 898 1095 dixisset
924 1029 1008 1096 dumi
1036 1048 1100 1097 neu
1118 1048 1210 1106 ease.

154 1143 283 1212 Nasica
309 1145 409 1211 sensit
435 1143 525 1211 iliam
551 1145 668 1213 damini
694 1147 782 1213 iussu
808 1146 926 1213 dixisse
955 1156 986 1212 et
1011 1146 1101 1213 iNum
1128 1152 1211 1214 iutus

155 1282 245 1329 esse.
311 1259 426 1326 Paucis
458 1271 529 1347 pest
560 1261 670 1329 diebus
708 1282 778 1330 cum
811 1264 852 1330 ad
884 1261 1037 1331 Nasicam
1069 1267 1212 1332 venisset

155 1377 283 1447 Eunias
310 1387 340 1443 et
366 1395 436 1443 cum
465 1398 486 1444 a
510 1380 608 1447 ianua
634 1391 818 1465 quaereret,
844 1381 1003 1448 exclamat·
1024 1379 1145 1449 Nasica
1173 1402 1229 1448 se‘

157 1496 247 1562 demi
268 1515 344 1562 uua
353 1514 436 1561 esse.
480 1494 561 1562 Tum
582 1494 718 1573 Ennius,
748 1499 856 1575 Quid?
883 1519 937 1580 eqo
959 1520 1026 1565 nort
1047 1519 1210 1583 coynosco,

157 1615 277 1699 iuquit,
304 1633 410 1678 recem
436 1615 550 1678 tuam?
592 1610 652 1679 Hic
678 1610 817 1679 Nasica:
847 1615 952 1679 Heme
979 1635 1009 1681 es
1037 1619 1212 1698 impudens.

157 1732 231 1812 Eue
264 1749 335 1794 cem
365 1741 394 1796 te
420 1716 617 1813 quaererem
651 1732 784 1796 ancillae
814 1742 887 1796 tuce
917 1734 1036 1797 credidi
1069 1743 1096 1798 te
1127 1735 1214 1797 demi
1247 1788 1251 1795 .

158 1866 229 1939 curt
256 1866 342 1921 erse,
369 1858 404 1913 tc
431 1851 510 1913 mitti
540 1869 606 1914 nen
636 1850 737 1914 credis
763 1850 855 1929 ipsi?
904 1848 978 1915 977.
1009 1845 1067 1915 Est
1093 1848 1235 1928 bellua

159 1934 243 2029 iliud
265 1984 401 2050 queque,
429 1984 552 2051 exque
578 1967 622 2043 is,
650 1966 704 2051 qui
731 1964 823 2042 dixit,
850 1964 997 2031 iuidetur
1022 1967 1057 2032 iu
1079 1986 1120 2034 ec
1142 1967 1223 2054 ipsc*

158 2064 295 2165 genere,
324 2102 384 2168 que
413 2078 507 2149 dixit:
540 2093 574 2149 ut
601 2103 670 2150 cum
697 2080 735 2161 Q.
763 2078 904 2169 Opimius
932 2083 1124 2162 consularis,
1159 2080 1219 2170 qui'
1253 2171 1256 2177 Ι

160 2175 431 2265 adolescentulus·
446 2199 529 2265 male
552 2201 707 2276 audisset,
734 2199 847 2266 iastius
869 2198 988 2266 homini
1008 2198 1132 2284 Egilio,
1160 2204 1213 2286 qui

160 2315 322 2380 videretur
352 2315 478 2382 mollier
508 2334 567 2380 uec
594 2324 693 2391 esset,
726 2313 877 2380 dixisset:
917 2316 1000 2393 Qctc
1026 2328 1077 2392 tu:
1106 2317 1214 2399 Eqiir'a

163 2544 207 2599 15.
232 2545 274 2599 94.
305 2542 357 2598 Gu.
378 2543 401 2599 1.
421 2543 446 2599 3.
481 2544 659 2618 dependitur
676 2546 702 2600 9.
726 2543 769 2600 36.
804 2544 929 2599 Brevior
952 2544 1043 2599 forma
1065 2545 1213 2602 secuudum

54 2647 57 2650 ’
162 2629 251 2683 libros
270 2628 395 2682 restituta
412 2638 454 2682 est
469 2647 487 2682 a
501 2630 658 2684 Goerenzio
677 2630 763 2702 Legg.
778 2628 799 2684 1.
812 2629 855 2685 93.
869 2628 912 2683 61.
933 2630 968 2683 ab
981 2627 1089 2701 Oreiiio
1101 2629 1213 2704 Divers.

163 2712 214 2768 xi.
232 2713 283 2779 93,
301 2714 326 2768 9.
343 2741 380 2756 --
405 2714 539 2785 tardam]
558 2714 662 2768 addunt
678 2718 819 2769 euiettmo
837 2713 887 2785 Lg.
907 2713 949 2769 69.
969 2713 1011 2768 93.
1028 2741 1064 2756 -
1088 2713 1214 2785 delectu]

163 2798 277 2852 dilectu
296 2800 420 2872 quamvis
440 2800 512 2852 maie
529 2799 580 2871 Lg.
595 2798 621 2853 9.
639 2799 664 2854 3.
683 2800 708 2854 5.
729 2799 770 2854 lt.
791 2799 833 2855 lti.
853 2799 894 2852 17.
911 2799 954 2855 99.
973 2799 1007 2871 94
1023 2815 1094 2853 corr.
1110 2797 1153 2853 35.
1172 2798 1216 2855 36.

163 2884 208 2938 65.
229 2882 269 2937 76.
290 2882 331 2938 73.
351 2883 393 2938 76.
414 2883 465 2938 Gu.
482 2884 508 2938 9.
526 2914 561 2924 -
585 2882 748 2956 accipent]
767 2883 920 2956 adriperet
937 2883 986 2955 Lg.
1002 2882 1045 2938 65.
1064 2882 1105 2937 70.
1126 2882 1167 2938 73.
1179 2912 1215 2924 --

73 2976 76 2985 “
166 2966 341 3038 Esquilina]
357 2968 509 3038 esquilina
526 2964 576 3040 Lg.
592 2968 616 3024 9.
631 2968 671 3024 14.
686 2968 727 3024 15.
744 2968 786 3025 69.
800 2969 843 3023 81.
857 2968 900 3024 Si.
914 2968 956 3024 86.
973 2967 1015 3023 93.
1046 2969 1216 3038 aeequtltna

165 3052 210 3107 69.
234 3066 261 3106 v.
280 3050 352 3108 adi.
372 3052 494 3121 97,195
1247 3046 1250 3053 '

250 3152 313 3207 976.
350 3157 434 3223 eique
449 3181 485 3194 -
502 3101 925 3226 Ειιιιῖιιιη]1ιιιοοιιι.14ι.76.
945 3152 1092 3208 (31.1.-
1121 3154 1215 3225 ostie]

164 3238 265 3292 hostio
281 3236 333 3309 Lg.
348 3238 409 3291 XX.
430 3255 481 3292 nec
497 3237 628 3292 temerii.
647 3237 672 3292 3.
692 3240 716 3294 5.
735 3237 832 3294 36.-
855 3232 1029 3308 exclamat]
1036 3234 1217 3297 ecclemuvit
1272 3296 1274 3301 ,

164 3323 216 3394 ug.
230 3322 271 3376 73.
282 3350 319 3363 —-
337 3323 409 3392 quid
422 3339 474 3376 om.
487 3321 538 3393 ig,
513 3323 575 3376 9.
590 3322 631 3378 36.
648 3322 681 3378 76
693 3323 756 3378 add.
766 3352 802 3362 —
820 3326 926 3392 inquit,
938 3321 1072 3392 ecceml'
1065 3332 1103 3376 tta
1115 3324 1216 3378 inverti

166 3407 315 3460 secundum
329 3405 379 3478 Lg.
392 3405 418 3460 9.
431 3406 474 3461 93,
487 3406 534 3462 36.·
547 3407 589 3462 69.
604 3407 646 3462 76.
657 3436 693 3448 ·-
714 3408 798 3461 demi
814 3406 886 3477 nea]
905 3406 1061 3460 deminum
1077 3407 1128 3462 Gu.
1140 3409 1167 3462 i.
1180 3438 1216 3450 -·

168 3490 338 3562 impudens]
357 3491 528 3562 imprudens
546 3492 598 3545 Gu.
610 3492 636 3545 9.
672 3491 752 3545 Addo
766 3490 899 3544 Nasicae
916 3494 1014 3543 nomeu
1031 3492 1059 3544 in
1077 3493 1216 3547 nonnuliis
1241 3522 1246 3539 ι
1290 3504 1308 3521 “

168 3574 246 3628 libris
260 3573 422 3629 Nasstcum
437 3576 537 3641 scribi;
557 3577 584 3628 in
601 3576 663 3629 aliis
681 3576 783 3628 vitiose
800 3575 915 3628 Nasera
933 3581 961 3627 et
974 3574 1110 3630 Nassica
1129 3586 1179 3632 est.

235 3663 311 3733 977.
348 3675 473 3746 quoque]
499 3693 551 3730 om.
577 3674 626 3746 Lg.
648 3674 673 3729 6.
700 3675 741 3730 15.
750 3667 803 3729 ’86
821 3704 857 3716 -
888 3675 1043 3746 irridetur]
1070 3679 1217 3734 inridetur

166 3757 218 3829 Lg.
237 3758 278 3812 73.
296 3789 330 3800 —·
362 3764 394 3814 ire
412 3777 446 3814 ee
466 3759 548 3832 ipsc]
574 3762 605 3812 irc
631 3758 830 3830 om.Lg.17.,
854 3777 908 3814 non
927 3753 998 3815 tuuis
1014 3779 1096 3816 sane:
1121 3781 1149 3819 v.
1169 3781 1217 3818 ex-

108 3834 110 3839 ⁴
165 3843 269 3914 plicatt.
289 3842 309 3898 1.
335 3844 368 3911 3,
392 3845 433 3898 19.
462 3875 492 3884 -
525 3860 582 3912 quc
608 3842 708 3914 dreit]
735 3845 775 3898 si'c
799 3844 895 3902 Lami).
919 3844 986 3900 Ειιι.
1026 3844 1104 3900 Libri
1128 3848 1216 3918 quud,

166 3930 240 3984 facili
259 3947 356 3984 eruore
375 3936 490 4000 propter
507 3923 622 3982 verbum
640 3945 766 3998 sequens.
784 3957 820 3972 ι·-
841 3936 876 3984 ut
894 3929 974 4000 cum]
993 3936 1022 3983 et
1038 3948 1104 3985 cam
1121 3932 1173 3986 Gu.
1192 3932 1215 3987 l.

170 4014 298 4087 opimare
310 4015 367 4085 lig.
386 4013 428 4071 76.
447 4041 483 4054 ·-
508 4013 753 4084 adolescentulus]
774 4014 854 4071 adel.
874 4013 925 4084 [ις.
942 4016 968 4068 5.
992 4013 1032 4066 17.
1049 4014 1092 4070 65.
1112 4014 1153 4068 76.
1174 4015 1215 4069 73.

167 4099 211 4154 61.
227 4098 270 4155 84.
289 4098 333 4156 66.
352 4127 388 4142 ·-
414 4098 493 4153 male
512 4097 658 4168 audisset]
678 4115 731 4156 om.
747 4097 798 4170 Lg.
816 4100 842 4154 9.
860 4097 905 4153 36.
926 4126 957 4138 -
985 4094 1103 4165 Eoilia]
1123 4092 1217 4164 eqlit
