<?xml version="1.0" encoding="UTF-8"?>
<!DOCTYPE html PUBLIC "-//W3C//DTD XHTML 1.0 Transitional//EN"
    "http://www.w3.org/TR/xhtml1/DTD/xhtml1-transitional.dtd">
<html xmlns="http://www.w3.org/1999/xhtml" xml:lang="en" lang="en">
 <head>
  <title>
</title>
<meta http-equiv="Content-Type" content="text/html;charset=utf-8" />
  <meta name='ocr-system' content='tesseract 3.04.00' />
  <meta name='ocr-capabilities' content='ocr_page ocr_carea ocr_par ocr_line ocrx_word'/>
</head>
<body>
  <div class='ocr_page' id='page_1' title='image "./mtulliciceronis00ellegoog/mtulliciceronis00ellegoog_0289.png"; bbox 0 0 2958 4584; ppageno 0'>
   <div class='ocr_carea' id='block_1_1' title="bbox 261 277 915 365">
    <p class='ocr_par' dir='ltr' id='par_1_1' title="bbox 261 277 915 365">
     <span class='ocr_line' id='line_1_1' title="bbox 261 277 915 365; baseline -0.031 -2"><span class='ocrx_word' id='word_1_1' title='bbox 261 286 358 365; x_wconf 65' lang='lat'><strong>2580</strong></span> <span class='ocrx_word' id='word_1_2' title='bbox 456 338 528 357; x_wconf 73' lang='grc'><strong>.,</strong></span> <span class='ocrx_word' id='word_1_3' title='bbox 659 277 915 347; x_wconf 72' lang='lat' dir='ltr'><strong>Ciceronis</strong></span> 
     </span>
    </p>
   </div>
   <div class='ocr_carea' id='block_1_2' title="bbox 257 441 1344 1361">
    <p class='ocr_par' dir='ltr' id='par_1_2' title="bbox 257 441 1344 1247">
     <span class='ocr_line' id='line_1_2' title="bbox 258 441 1307 536; baseline -0.004 -18"><span class='ocrx_word' id='word_1_4' title='bbox 258 463 321 519; x_wconf 89' lang='lat' dir='ltr'><strong>tum</strong></span> <span class='ocrx_word' id='word_1_5' title='bbox 343 459 472 536; x_wconf 86' lang='lat' dir='ltr'><strong>uterque</strong></span> <span class='ocrx_word' id='word_1_6' title='bbox 493 458 634 516; x_wconf 83' lang='lat' dir='ltr'><strong>rostrum</strong></span> <span class='ocrx_word' id='word_1_7' title='bbox 653 450 766 536; x_wconf 89' lang='lat' dir='ltr'><strong>potuit,</strong></span> <span class='ocrx_word' id='word_1_8' title='bbox 792 451 876 515; x_wconf 89' lang='lat' dir='ltr'><strong>omni</strong></span> <span class='ocrx_word' id='word_1_9' title='bbox 902 448 995 535; x_wconf 88' lang='lat' dir='ltr'><strong>copia</strong></span> <span class='ocrx_word' id='word_1_10' title='bbox 1016 447 1141 515; x_wconf 86' lang='lat' dir='ltr'><strong>dicendi</strong></span> <span class='ocrx_word' id='word_1_11' title='bbox 1163 441 1307 516; x_wconf 83' lang='lat' dir='ltr'><strong>dilatavit</strong></span> 
     </span>
     <span class='ocr_line' id='line_1_3' title="bbox 261 564 1341 665; baseline -0.001 -31"><span class='ocrx_word' id='word_1_12' title='bbox 261 568 335 656; x_wconf 86' lang='lat' dir='ltr'><strong>quid</strong></span> <span class='ocrx_word' id='word_1_13' title='bbox 351 577 436 647; x_wconf 81' lang='lat' dir='ltr'><strong>esset</strong></span> <span class='ocrx_word' id='word_1_14' title='bbox 457 570 653 633; x_wconf 85' lang='lat' dir='ltr'><strong>maiestatem</strong></span> <span class='ocrx_word' id='word_1_15' title='bbox 674 568 823 633; x_wconf 90' lang='lat' dir='ltr'><strong>minuere.</strong></span> <span class='ocrx_word' id='word_1_16' title='bbox 853 564 995 665; x_wconf 76' lang='lat' dir='ltr'><strong>Etenim</strong></span> <span class='ocrx_word' id='word_1_17' title='bbox 1017 564 1154 632; x_wconf 80' lang='lat' dir='ltr'><strong>definitio</strong></span> <span class='ocrx_word' id='word_1_18' title='bbox 1174 569 1308 652; x_wconf 89' lang='lat' dir='ltr'><strong>primum</strong></span> <span class='ocrx_word' id='word_1_19' title='bbox 1337 616 1341 621; x_wconf 86' lang='lat'>-</span> 
     </span>
     <span class='ocr_line' id='line_1_4' title="bbox 259 666 1309 773; baseline -0.002 -21"><span class='ocrx_word' id='word_1_20' title='bbox 259 685 450 773; x_wconf 88' lang='lat' dir='ltr'><strong>reprehenso</strong></span> <span class='ocrx_word' id='word_1_21' title='bbox 475 683 572 752; x_wconf 82' lang='lat' dir='ltr'><strong>verbo</strong></span> <span class='ocrx_word' id='word_1_22' title='bbox 599 704 662 751; x_wconf 92' lang='lat' dir='ltr'><strong>uno</strong></span> <span class='ocrx_word' id='word_1_23' title='bbox 691 695 743 750; x_wconf 86' lang='lat' dir='ltr'><strong>out</strong></span> <span class='ocrx_word' id='word_1_24' title='bbox 770 685 875 750; x_wconf 81' lang='lat' dir='ltr'><strong>addito</strong></span> <span class='ocrx_word' id='word_1_25' title='bbox 903 694 956 750; x_wconf 87' lang='lat' dir='ltr'><strong>aut</strong></span> <span class='ocrx_word' id='word_1_26' title='bbox 983 684 1105 770; x_wconf 90' lang='lat' dir='ltr'><strong>dempto</strong></span> <span class='ocrx_word' id='word_1_27' title='bbox 1122 666 1309 770; x_wconf 39' lang='lat' dir='ltr'><strong>,saepem-s</strong></span> 
     </span>
     <span class='ocr_line' id='line_1_5' title="bbox 262 801 1339 889; baseline -0.006 -19"><span class='ocrx_word' id='word_1_28' title='bbox 262 812 423 889; x_wconf 74' lang='lat' dir='ltr'><strong>torquetur</strong></span> <span class='ocrx_word' id='word_1_29' title='bbox 448 822 466 867; x_wconf 90' lang='lat' dir='ltr'><strong>e</strong></span> <span class='ocrx_word' id='word_1_30' title='bbox 489 802 652 880; x_wconf 59' lang='lat' dir='ltr'><strong>manilium</strong></span> <span class='ocrx_word' id='word_1_31' title='bbox 678 802 790 869; x_wconf 87' lang='lat' dir='ltr'><strong>deinde</strong></span> <span class='ocrx_word' id='word_1_32' title='bbox 817 821 934 886; x_wconf 83' lang='lat' dir='ltr'><strong>geuene</strong></span> <span class='ocrx_word' id='word_1_33' title='bbox 960 803 1036 888; x_wconf 86' lang='lat' dir='ltr'><strong>ipso&#39;</strong></span> <span class='ocrx_word' id='word_1_34' title='bbox 1056 801 1229 866; x_wconf 83' lang='lat' dir='ltr'><strong>doctrinam</strong></span> <span class='ocrx_word' id='word_1_35' title='bbox 1254 821 1308 866; x_wconf 82' lang='lat' dir='ltr'><strong>re·</strong></span> <span class='ocrx_word' id='word_1_36' title='bbox 1335 858 1339 861; x_wconf 93' lang='lat'>.</span> 
     </span>
     <span class='ocr_line' id='line_1_6' title="bbox 259 896 1310 1006; baseline -0.004 -19"><span class='ocrx_word' id='word_1_37' title='bbox 259 921 346 999; x_wconf 86' lang='lat' dir='ltr'><strong>dolet</strong></span> <span class='ocrx_word' id='word_1_38' title='bbox 372 922 687 1005; x_wconf 79' lang='lat' dir='ltr'>exercitationemque</span> <span class='ocrx_word' id='word_1_39' title='bbox 714 938 815 1006; x_wconf 86' lang='lat' dir='ltr'><strong>paene</strong></span> <span class='ocrx_word' id='word_1_40' title='bbox 836 918 1006 1004; x_wconf 79' lang='lat' dir='ltr'><strong>puerilem3</strong></span> <span class='ocrx_word' id='word_1_41' title='bbox 1034 928 1098 983; x_wconf 90' lang='lat' dir='ltr'><strong>tum</strong></span> <span class='ocrx_word' id='word_1_42' title='bbox 1124 920 1157 983; x_wconf 92' lang='lat' dir='ltr'><strong>iu</strong></span> <span class='ocrx_word' id='word_1_43' title='bbox 1179 896 1310 983; x_wconf 21' lang='lat' dir='ltr'><strong>sensum*</strong></span> 
     </span>
     <span class='ocr_line' id='line_1_7' title="bbox 259 1033 1344 1122; baseline -0.005 -17"><span class='ocrx_word' id='word_1_44' title='bbox 259 1048 291 1106; x_wconf 89' lang='lat' dir='ltr'><strong>et</strong></span> <span class='ocrx_word' id='word_1_45' title='bbox 323 1040 356 1103; x_wconf 92' lang='lat' dir='ltr'><strong>in</strong></span> <span class='ocrx_word' id='word_1_46' title='bbox 388 1049 522 1103; x_wconf 80' lang='lat' dir='ltr'><strong>mentem</strong></span> <span class='ocrx_word' id='word_1_47' title='bbox 551 1036 664 1102; x_wconf 85' lang='lat' dir='ltr'><strong>iudicis</strong></span> <span class='ocrx_word' id='word_1_48' title='bbox 699 1038 816 1103; x_wconf 87' lang='lat' dir='ltr'><strong>intrare</strong></span> <span class='ocrx_word' id='word_1_49' title='bbox 846 1056 911 1102; x_wconf 89' lang='lat' dir='ltr'><strong>uon</strong></span> <span class='ocrx_word' id='word_1_50' title='bbox 940 1044 1051 1122; x_wconf 89' lang='lat' dir='ltr'><strong>potest.</strong></span> <span class='ocrx_word' id='word_1_51' title='bbox 1107 1033 1190 1100; x_wconf 80' lang='lat' dir='ltr'><strong>Ante</strong></span> <span class='ocrx_word' id='word_1_52' title='bbox 1223 1037 1306 1101; x_wconf 88' lang='lat' dir='ltr'><strong>euim</strong></span> <span class='ocrx_word' id='word_1_53' title='bbox 1341 1084 1344 1091; x_wconf 81' lang='grc'><strong>.</strong></span> 
     </span>
     <span class='ocr_line' id='line_1_8' title="bbox 257 1154 987 1247; baseline -0.004 -27"><span class='ocrx_word' id='word_1_54' title='bbox 257 1154 515 1243; x_wconf 73' lang='lat' dir='ltr'><strong>praeterlabitur,</strong></span> <span class='ocrx_word' id='word_1_55' title='bbox 538 1173 631 1240; x_wconf 87' lang='lat' dir='ltr'><strong>quam</strong></span> <span class='ocrx_word' id='word_1_56' title='bbox 651 1163 799 1240; x_wconf 88' lang='lat' dir='ltr'><strong>percepta</strong></span> <span class='ocrx_word' id='word_1_57' title='bbox 820 1162 877 1218; x_wconf 87' lang='lat' dir='ltr'><strong>ost.</strong></span> <span class='ocrx_word' id='word_1_58' title='bbox 984 1238 987 1247; x_wconf 19' lang='lat' dir='ltr'>y</span> 
     </span>
    </p>

    <p class='ocr_par' dir='ltr' id='par_1_3' title="bbox 343 1267 1336 1361">
     <span class='ocr_line' id='line_1_9' title="bbox 343 1267 1336 1361; baseline -0.002 -24"><span class='ocrx_word' id='word_1_59' title='bbox 343 1269 460 1361; x_wconf 75' lang='lat' dir='ltr'><strong>xxvi.</strong></span> <span class='ocrx_word' id='word_1_60' title='bbox 499 1271 571 1337; x_wconf 88' lang='lat' dir='ltr'><strong>llo.</strong></span> <span class='ocrx_word' id='word_1_61' title='bbox 605 1268 672 1336; x_wconf 81' lang='lat' dir='ltr'><strong>Sed</strong></span> <span class='ocrx_word' id='word_1_62' title='bbox 698 1274 731 1335; x_wconf 92' lang='lat' dir='ltr'><strong>in</strong></span> <span class='ocrx_word' id='word_1_63' title='bbox 758 1290 796 1335; x_wconf 93' lang='lat' dir='ltr'><strong>eo</strong></span> <span class='ocrx_word' id='word_1_64' title='bbox 827 1289 962 1353; x_wconf 77' lang='lat' dir='ltr'><strong>genere,</strong></span> <span class='ocrx_word' id='word_1_65' title='bbox 995 1271 1028 1334; x_wconf 93' lang='lat' dir='ltr'><strong>in</strong></span> <span class='ocrx_word' id='word_1_66' title='bbox 1055 1289 1116 1355; x_wconf 82' lang='lat' dir='ltr'><strong>quo</strong></span> <span class='ocrx_word' id='word_1_67' title='bbox 1145 1267 1238 1355; x_wconf 87' lang='lat' dir='ltr'><strong>quale</strong></span> <span class='ocrx_word' id='word_1_68' title='bbox 1266 1272 1336 1335; x_wconf 87' lang='lat' dir='ltr'><strong>sit&#39;</strong></span> 
     </span>
    </p>
   </div>
   <div class='ocr_carea' id='block_1_3' title="bbox 124 1387 1465 1594">
    <p class='ocr_par' dir='ltr' id='par_1_4' title="bbox 124 1387 1465 1594">
     <span class='ocr_line' id='line_1_10' title="bbox 124 1387 1306 1481; baseline -0.006 -22"><span class='ocrx_word' id='word_1_69' title='bbox 124 1416 128 1425; x_wconf 68' lang='lat'><strong><em>¹</em></strong></span> <span class='ocrx_word' id='word_1_70' title='bbox 217 1474 222 1481; x_wconf 83' lang='lat'><strong>..</strong></span> <span class='ocrx_word' id='word_1_71' title='bbox 260 1390 334 1476; x_wconf 88' lang='lat' dir='ltr'><strong>qnid</strong></span> <span class='ocrx_word' id='word_1_72' title='bbox 363 1388 544 1473; x_wconf 83' lang='lat' dir='ltr'><strong>ambigitur,</strong></span> <span class='ocrx_word' id='word_1_73' title='bbox 576 1390 698 1455; x_wconf 85' lang='lat' dir='ltr'><strong>exsistit</strong></span> <span class='ocrx_word' id='word_1_74' title='bbox 729 1390 824 1454; x_wconf 86' lang='lat' dir='ltr'><strong>etiam</strong></span> <span class='ocrx_word' id='word_1_75' title='bbox 855 1388 1026 1473; x_wconf 81' lang='lat' dir='ltr'><strong>exscripti</strong></span> <span class='ocrx_word' id='word_1_76' title='bbox 1054 1387 1306 1473; x_wconf 83' lang='lat' dir='ltr'><strong>interpretatione</strong></span> 
     </span>
     <span class='ocr_line' id='line_1_11' title="bbox 244 1490 1465 1594; baseline -0.011 -15"><span class='ocrx_word' id='word_1_77' title='bbox 244 1527 359 1594; x_wconf 79' lang='lat' dir='ltr'><strong>¹saepe</strong></span> <span class='ocrx_word' id='word_1_78' title='bbox 387 1508 559 1584; x_wconf 92' lang='lat' dir='ltr'><strong>contentio,</strong></span> <span class='ocrx_word' id='word_1_79' title='bbox 585 1509 619 1571; x_wconf 92' lang='lat' dir='ltr'><strong>iu</strong></span> <span class='ocrx_word' id='word_1_80' title='bbox 645 1525 707 1590; x_wconf 85' lang='lat' dir='ltr'><strong>quo</strong></span> <span class='ocrx_word' id='word_1_81' title='bbox 733 1504 822 1570; x_wconf 89' lang='lat' dir='ltr'><strong>nulla</strong></span> <span class='ocrx_word' id='word_1_82' title='bbox 846 1513 948 1592; x_wconf 88' lang='lat' dir='ltr'><strong>potest</strong></span> <span class='ocrx_word' id='word_1_83' title='bbox 975 1524 1063 1581; x_wconf 88' lang='lat' dir='ltr'><strong>esse,</strong></span> <span class='ocrx_word' id='word_1_84' title='bbox 1089 1505 1151 1569; x_wconf 90' lang='lat' dir='ltr'><strong>nisi</strong></span> <span class='ocrx_word' id='word_1_85' title='bbox 1179 1524 1217 1570; x_wconf 85' lang='lat' dir='ltr'><strong>ex</strong></span> <span class='ocrx_word' id='word_1_86' title='bbox 1240 1524 1307 1569; x_wconf 90' lang='lat' dir='ltr'><strong>am-</strong></span> <span class='ocrx_word' id='word_1_87' title='bbox 1422 1561 1430 1577; x_wconf 77' lang='lat'><strong>,</strong></span> <span class='ocrx_word' id='word_1_88' title='bbox 1464 1490 1465 1565; x_wconf 61' lang='grc' dir='ltr'><strong>ἦ</strong></span> 
     </span>
    </p>
   </div>
   <div class='ocr_carea' id='block_1_4' title="bbox 258 1620 1313 1844">
    <p class='ocr_par' dir='ltr' id='par_1_5' title="bbox 258 1620 1313 1844">
     <span class='ocr_line' id='line_1_12' title="bbox 258 1620 1308 1710; baseline -0.005 -20"><span class='ocrx_word' id='word_1_89' title='bbox 258 1625 371 1710; x_wconf 79' lang='lat' dir='ltr'><strong>biguo,</strong></span> <span class='ocrx_word' id='word_1_90' title='bbox 403 1625 628 1693; x_wconf 84' lang='lat' dir='ltr'><strong>controversia.</strong></span> <span class='ocrx_word' id='word_1_91' title='bbox 677 1620 757 1688; x_wconf 87' lang='lat' dir='ltr'><strong>Nom</strong></span> <span class='ocrx_word' id='word_1_92' title='bbox 790 1622 869 1688; x_wconf 88' lang='lat' dir='ltr'><strong>illud</strong></span> <span class='ocrx_word' id='word_1_93' title='bbox 901 1625 1016 1709; x_wconf 89' lang='lat' dir='ltr'><strong>ipsum,</strong></span> <span class='ocrx_word' id='word_1_94' title='bbox 1051 1621 1135 1708; x_wconf 87' lang='lat' dir='ltr'><strong>quod</strong></span> <span class='ocrx_word' id='word_1_95' title='bbox 1161 1623 1308 1707; x_wconf 87' lang='lat' dir='ltr'><strong>scriptum</strong></span> 
     </span>
     <span class='ocr_line' id='line_1_13' title="bbox 262 1737 1313 1844; baseline -0.006 -35"><span class='ocrx_word' id='word_1_96' title='bbox 262 1762 284 1809; x_wconf 88' lang='lat' dir='ltr'><strong>a</strong></span> <span class='ocrx_word' id='word_1_97' title='bbox 316 1743 472 1808; x_wconf 86' lang='lat' dir='ltr'><strong>sententia</strong></span> <span class='ocrx_word' id='word_1_98' title='bbox 501 1741 678 1828; x_wconf 85' lang='lat' dir='ltr'><strong>discrepat,</strong></span> <span class='ocrx_word' id='word_1_99' title='bbox 713 1760 813 1825; x_wconf 83' lang='lat' dir='ltr'><strong>genus</strong></span> <span class='ocrx_word' id='word_1_100' title='bbox 846 1740 1001 1844; x_wconf 81' lang='lat' dir='ltr'><strong>quoddam</strong></span> <span class='ocrx_word' id='word_1_101' title='bbox 1031 1738 1127 1804; x_wconf 80' lang='lat' dir='ltr'><strong>habet</strong></span> <span class='ocrx_word' id='word_1_102' title='bbox 1159 1737 1313 1840; x_wconf 72' lang='lat' dir='ltr'><strong>ambigui,⁴</strong></span> 
     </span>
    </p>
   </div>
   <div class='ocr_carea' id='block_1_5' title="bbox 186 1932 1307 2216">
    <p class='ocr_par' dir='ltr' id='par_1_6' title="bbox 186 1932 1307 2216">
     <span class='ocr_line' id='line_1_14' title="bbox 260 1932 1307 2053; baseline -0.005 -23"><span class='ocrx_word' id='word_1_103' title='bbox 260 1981 291 2030; x_wconf 79' lang='lat' dir='ltr'><strong>et</strong></span> <span class='ocrx_word' id='word_1_104' title='bbox 308 1974 401 2047; x_wconf 66' lang='lat' dir='ltr'><strong>emm]</strong></span> <span class='ocrx_word' id='word_1_105' title='bbox 424 1975 464 2028; x_wconf 72' lang='lat' dir='ltr'><strong>sc</strong></span> <span class='ocrx_word' id='word_1_106' title='bbox 488 1937 607 2027; x_wconf 67' lang='lat' dir='ltr'><strong>urvrsrm&#39;</strong></span> <span class='ocrx_word' id='word_1_107' title='bbox 621 1932 672 2044; x_wconf 74' lang='lat' dir='ltr'><strong>ng.</strong></span> <span class='ocrx_word' id='word_1_108' title='bbox 696 1973 720 2028; x_wconf 78' lang='lat' dir='ltr'><strong>a.</strong></span> <span class='ocrx_word' id='word_1_109' title='bbox 746 1974 788 2028; x_wconf 86' lang='lat' dir='ltr'><strong>or.</strong></span> <span class='ocrx_word' id='word_1_110' title='bbox 813 1974 856 2028; x_wconf 85' lang='lat' dir='ltr'><strong>ou.</strong></span> <span class='ocrx_word' id='word_1_111' title='bbox 880 1974 921 2028; x_wconf 82' lang='lat' dir='ltr'><strong>ro.</strong></span> <span class='ocrx_word' id='word_1_112' title='bbox 941 1973 982 2027; x_wconf 84' lang='lat'><strong>73.</strong></span> <span class='ocrx_word' id='word_1_113' title='bbox 1006 1971 1113 2053; x_wconf 71' lang='lat' dir='ltr'><strong>suso.</strong></span> <span class='ocrx_word' id='word_1_114' title='bbox 1134 1972 1177 2027; x_wconf 88' lang='lat' dir='ltr'><strong>oa</strong></span> <span class='ocrx_word' id='word_1_115' title='bbox 1210 1972 1261 2029; x_wconf 78' lang='lat' dir='ltr'><strong>so.</strong></span> <span class='ocrx_word' id='word_1_116' title='bbox 1280 1972 1307 2025; x_wconf 80' lang='lat' dir='ltr'><strong>s.</strong></span> 
     </span>
     <span class='ocr_line' id='line_1_15' title="bbox 186 2056 1306 2141; baseline -0.001 -29"><span class='ocrx_word' id='word_1_117' title='bbox 186 2092 210 2141; x_wconf 43' lang='lat'><strong><em>3</em></strong></span> <span class='ocrx_word' id='word_1_118' title='bbox 261 2059 320 2112; x_wconf 82' lang='lat' dir='ltr'><strong>Sed</strong></span> <span class='ocrx_word' id='word_1_119' title='bbox 333 2059 402 2113; x_wconf 88' lang='lat' dir='ltr'><strong>Vict.</strong></span> <span class='ocrx_word' id='word_1_120' title='bbox 418 2058 462 2111; x_wconf 80' lang='lat' dir='ltr'><strong>tte</strong></span> <span class='ocrx_word' id='word_1_121' title='bbox 478 2056 523 2128; x_wconf 77' lang='grc' dir='ltr'><strong>ὑφ’</strong></span> <span class='ocrx_word' id='word_1_122' title='bbox 538 2058 577 2113; x_wconf 75' lang='grc' dir='ltr'><strong>ἓν.</strong></span> <span class='ocrx_word' id='word_1_123' title='bbox 607 2066 642 2112; x_wconf 83' lang='lat' dir='ltr'><strong>ut</strong></span> <span class='ocrx_word' id='word_1_124' title='bbox 658 2062 735 2112; x_wconf 74' lang='lat' dir='ltr'><strong>enim</strong></span> <span class='ocrx_word' id='word_1_125' title='bbox 752 2058 843 2114; x_wconf 62' lang='grc'><strong>31»-</strong></span> <span class='ocrx_word' id='word_1_126' title='bbox 861 2057 980 2128; x_wconf 76' lang='lat' dir='ltr'><strong>addito]</strong></span> <span class='ocrx_word' id='word_1_127' title='bbox 998 2056 1102 2110; x_wconf 77' lang='lat' dir='ltr'><strong>abdito</strong></span> <span class='ocrx_word' id='word_1_128' title='bbox 1119 2056 1170 2129; x_wconf 82' lang='lat' dir='ltr'><strong>Lg.</strong></span> <span class='ocrx_word' id='word_1_129' title='bbox 1186 2057 1306 2112; x_wconf 70' lang='lat' dir='ltr'><strong>iicorr.</strong></span> 
     </span>
     <span class='ocr_line' id='line_1_16' title="bbox 223 2141 1304 2216; baseline 0.003 -23"><span class='ocrx_word' id='word_1_130' title='bbox 223 2190 225 2193; x_wconf 81' lang='grc'>,</span> <span class='ocrx_word' id='word_1_131' title='bbox 261 2143 332 2199; x_wconf 77' lang='lat' dir='ltr'><strong>vtcr.</strong></span> <span class='ocrx_word' id='word_1_132' title='bbox 348 2142 399 2198; x_wconf 84' lang='lat' dir='ltr'><strong>Gu.</strong></span> <span class='ocrx_word' id='word_1_133' title='bbox 412 2144 437 2198; x_wconf 94' lang='grc'><strong>3.</strong></span> <span class='ocrx_word' id='word_1_134' title='bbox 466 2141 552 2196; x_wconf 75' lang='lat' dir='ltr'><strong>odito</strong></span> <span class='ocrx_word' id='word_1_135' title='bbox 568 2143 608 2197; x_wconf 85' lang='lat'><strong>17.</strong></span> <span class='ocrx_word' id='word_1_136' title='bbox 637 2144 812 2216; x_wconf 59' lang='lat' dir='ltr'><strong>ammiel.</strong></span> <span class='ocrx_word' id='word_1_137' title='bbox 830 2143 870 2198; x_wconf 84' lang='lat'><strong>13.</strong></span> <span class='ocrx_word' id='word_1_138' title='bbox 884 2143 926 2198; x_wconf 80' lang='grc'><strong>36.</strong></span> <span class='ocrx_word' id='word_1_139' title='bbox 947 2143 1020 2212; x_wconf 83' lang='lat' dir='ltr'><strong>quod</strong></span> <span class='ocrx_word' id='word_1_140' title='bbox 1038 2142 1198 2212; x_wconf 74' lang='lat' dir='ltr'><strong>reciperem,</strong></span> <span class='ocrx_word' id='word_1_141' title='bbox 1216 2142 1304 2196; x_wconf 63' lang='lat' dir='ltr'><strong>niella</strong></span> 
     </span>
    </p>
   </div>
   <div class='ocr_carea' id='block_1_6' title="bbox 160 2226 1307 2300">
    <p class='ocr_par' dir='ltr' id='par_1_7' title="bbox 160 2226 1307 2300">
     <span class='ocr_line' id='line_1_17' title="bbox 160 2226 1307 2300; baseline -0.003 -17"><span class='ocrx_word' id='word_1_142' title='bbox 160 2255 181 2297; x_wconf 60' lang='grc' dir='ltr'><strong><em>χ</em></strong></span> <span class='ocrx_word' id='word_1_143' title='bbox 262 2237 294 2283; x_wconf 78' lang='lat' dir='ltr'><strong>et</strong></span> <span class='ocrx_word' id='word_1_144' title='bbox 310 2245 380 2298; x_wconf 84' lang='lat' dir='ltr'><strong>quse</strong></span> <span class='ocrx_word' id='word_1_145' title='bbox 404 2228 432 2280; x_wconf 89' lang='lat' dir='ltr'><strong>in</strong></span> <span class='ocrx_word' id='word_1_146' title='bbox 452 2226 492 2281; x_wconf 90' lang='grc'><strong>17.</strong></span> <span class='ocrx_word' id='word_1_147' title='bbox 511 2237 538 2281; x_wconf 85' lang='lat' dir='ltr'><strong>et</strong></span> <span class='ocrx_word' id='word_1_148' title='bbox 556 2227 590 2283; x_wconf 75' lang='grc'><strong>33</strong></span> <span class='ocrx_word' id='word_1_149' title='bbox 612 2229 739 2300; x_wconf 80' lang='lat' dir='ltr'><strong>leguntur</strong></span> <span class='ocrx_word' id='word_1_150' title='bbox 764 2230 886 2298; x_wconf 84' lang='lat' dir='ltr'><strong>quamvis</strong></span> <span class='ocrx_word' id='word_1_151' title='bbox 908 2236 1037 2297; x_wconf 79' lang='lat' dir='ltr'><strong>corrupta</strong></span> <span class='ocrx_word' id='word_1_152' title='bbox 1057 2226 1252 2281; x_wconf 84' lang='lat' dir='ltr'><strong>dissuaderent.</strong></span> <span class='ocrx_word' id='word_1_153' title='bbox 1271 2254 1307 2266; x_wconf 84' lang='lat'><em>-</em></span> 
     </span>
    </p>
   </div>
   <div class='ocr_carea' id='block_1_7' title="bbox 198 2311 1307 3145">
    <p class='ocr_par' dir='ltr' id='par_1_8' title="bbox 198 2311 1307 3145">
     <span class='ocr_line' id='line_1_18' title="bbox 260 2311 1306 2386; baseline -0.006 -18"><span class='ocrx_word' id='word_1_154' title='bbox 260 2312 395 2385; x_wconf 77' lang='lat' dir='ltr'><strong>dempto]</strong></span> <span class='ocrx_word' id='word_1_155' title='bbox 415 2311 454 2366; x_wconf 82' lang='lat' dir='ltr'><strong>ita</strong></span> <span class='ocrx_word' id='word_1_156' title='bbox 472 2329 571 2386; x_wconf 80' lang='lat' dir='ltr'><strong>comp</strong></span> <span class='ocrx_word' id='word_1_157' title='bbox 588 2314 669 2368; x_wconf 82' lang='lat' dir='ltr'><strong>litera</strong></span> <span class='ocrx_word' id='word_1_158' title='bbox 686 2312 769 2368; x_wconf 80' lang='lat' dir='ltr'><strong>codo:</strong></span> <span class='ocrx_word' id='word_1_159' title='bbox 785 2312 836 2384; x_wconf 82' lang='lat' dir='ltr'><strong>Lg.</strong></span> <span class='ocrx_word' id='word_1_160' title='bbox 857 2321 966 2383; x_wconf 88' lang='lat' dir='ltr'><strong>praeter</strong></span> <span class='ocrx_word' id='word_1_161' title='bbox 982 2313 1007 2364; x_wconf 87' lang='lat'><strong>5.</strong></span> <span class='ocrx_word' id='word_1_162' title='bbox 1025 2329 1128 2366; x_wconf 83' lang='lat' dir='ltr'><strong>omnes.</strong></span> <span class='ocrx_word' id='word_1_163' title='bbox 1144 2340 1181 2353; x_wconf 83' lang='lat'><strong>·-</strong></span> <span class='ocrx_word' id='word_1_164' title='bbox 1206 2328 1222 2363; x_wconf 88' lang='lat' dir='ltr'><strong>e</strong></span> <span class='ocrx_word' id='word_1_165' title='bbox 1240 2327 1306 2363; x_wconf 87' lang='lat' dir='ltr'><strong>ma-</strong></span> 
     </span>
     <span class='ocr_line' id='line_1_19' title="bbox 257 2394 1305 2470; baseline -0.005 -17"><span class='ocrx_word' id='word_1_166' title='bbox 257 2397 360 2468; x_wconf 72' lang='lat' dir='ltr'><strong>nibus]</strong></span> <span class='ocrx_word' id='word_1_167' title='bbox 379 2414 417 2450; x_wconf 69' lang='lat' dir='ltr'><strong>ero</strong></span> <span class='ocrx_word' id='word_1_168' title='bbox 434 2414 514 2453; x_wconf 81' lang='lat' dir='ltr'><strong>mon.</strong></span> <span class='ocrx_word' id='word_1_169' title='bbox 533 2396 584 2470; x_wconf 82' lang='lat' dir='ltr'><strong>Lg.</strong></span> <span class='ocrx_word' id='word_1_170' title='bbox 601 2398 640 2454; x_wconf 81' lang='grc'><strong>17.</strong></span> <span class='ocrx_word' id='word_1_171' title='bbox 659 2398 701 2452; x_wconf 72' lang='grc'><strong>30.</strong></span> <span class='ocrx_word' id='word_1_172' title='bbox 720 2426 757 2439; x_wconf 89' lang='lat'><strong>·-</strong></span> <span class='ocrx_word' id='word_1_173' title='bbox 772 2397 890 2469; x_wconf 75' lang='lat' dir='ltr'><strong>ponere]</strong></span> <span class='ocrx_word' id='word_1_174' title='bbox 908 2397 945 2450; x_wconf 83' lang='lat' dir='ltr'><strong>de</strong></span> <span class='ocrx_word' id='word_1_175' title='bbox 960 2414 1066 2468; x_wconf 74' lang='lat' dir='ltr'><strong>periere</strong></span> <span class='ocrx_word' id='word_1_176' title='bbox 1082 2395 1133 2467; x_wconf 81' lang='lat' dir='ltr'><strong>Lg.</strong></span> <span class='ocrx_word' id='word_1_177' title='bbox 1152 2394 1305 2467; x_wconf 68' lang='lat' dir='ltr'><strong>praeteri.</strong></span> 
     </span>
     <span class='ocr_line' id='line_1_20' title="bbox 261 2480 1307 2553; baseline -0.003 -17"><span class='ocrx_word' id='word_1_178' title='bbox 261 2484 287 2537; x_wconf 77' lang='grc'><strong>4.</strong></span> <span class='ocrx_word' id='word_1_179' title='bbox 308 2481 333 2536; x_wconf 86' lang='grc'><strong>6.</strong></span> <span class='ocrx_word' id='word_1_180' title='bbox 352 2480 394 2535; x_wconf 77' lang='lat' dir='ltr'><strong>ut.</strong></span> <span class='ocrx_word' id='word_1_181' title='bbox 415 2480 458 2536; x_wconf 74' lang='lat'><strong>32.</strong></span> <span class='ocrx_word' id='word_1_182' title='bbox 477 2481 519 2537; x_wconf 86' lang='grc'><strong>81.</strong></span> <span class='ocrx_word' id='word_1_183' title='bbox 539 2481 582 2535; x_wconf 83' lang='grc'><strong>84.</strong></span> <span class='ocrx_word' id='word_1_184' title='bbox 600 2482 704 2544; x_wconf 73' lang='lat' dir='ltr'><strong>outre</strong></span> <span class='ocrx_word' id='word_1_185' title='bbox 720 2500 791 2538; x_wconf 84' lang='lat' dir='ltr'><strong>corr.</strong></span> <span class='ocrx_word' id='word_1_186' title='bbox 810 2482 851 2538; x_wconf 76' lang='lat'><strong>32.</strong></span> <span class='ocrx_word' id='word_1_187' title='bbox 884 2492 1021 2553; x_wconf 72' lang='lat' dir='ltr'><strong>aperuere</strong></span> <span class='ocrx_word' id='word_1_188' title='bbox 1038 2480 1072 2533; x_wconf 76' lang='grc'><strong>34</strong></span> <span class='ocrx_word' id='word_1_189' title='bbox 1089 2497 1161 2534; x_wconf 86' lang='lat' dir='ltr'><strong>corn.</strong></span> <span class='ocrx_word' id='word_1_190' title='bbox 1179 2481 1216 2533; x_wconf 83' lang='lat' dir='ltr'><strong>de</strong></span> <span class='ocrx_word' id='word_1_191' title='bbox 1233 2497 1307 2551; x_wconf 70' lang='lat' dir='ltr'><strong>p.—</strong></span> 
     </span>
     <span class='ocr_line' id='line_1_21' title="bbox 256 2563 1305 2642; baseline -0.003 -22"><span class='ocrx_word' id='word_1_192' title='bbox 256 2565 371 2642; x_wconf 75' lang='lat' dir='ltr'><strong>paene]</strong></span> <span class='ocrx_word' id='word_1_193' title='bbox 383 2567 423 2620; x_wconf 88' lang='lat' dir='ltr'><strong>sic</strong></span> <span class='ocrx_word' id='word_1_194' title='bbox 435 2584 530 2621; x_wconf 84' lang='lat' dir='ltr'><strong>ornnes</strong></span> <span class='ocrx_word' id='word_1_195' title='bbox 543 2576 655 2637; x_wconf 82' lang='lat' dir='ltr'><strong>praeter</strong></span> <span class='ocrx_word' id='word_1_196' title='bbox 667 2568 691 2621; x_wconf 82' lang='lat'><strong>5.</strong></span> <span class='ocrx_word' id='word_1_197' title='bbox 700 2598 733 2606; x_wconf 92' lang='lat'>-</span> <span class='ocrx_word' id='word_1_198' title='bbox 748 2574 810 2633; x_wconf 82' lang='lat' dir='ltr'><strong>tum</strong></span> <span class='ocrx_word' id='word_1_199' title='bbox 823 2571 855 2621; x_wconf 79' lang='lat' dir='ltr'><strong>tn</strong></span> <span class='ocrx_word' id='word_1_200' title='bbox 868 2566 998 2637; x_wconf 73' lang='lat' dir='ltr'><strong>amcam]</strong></span> <span class='ocrx_word' id='word_1_201' title='bbox 1013 2582 1080 2619; x_wconf 83' lang='lat' dir='ltr'><strong>cum</strong></span> <span class='ocrx_word' id='word_1_202' title='bbox 1092 2582 1210 2619; x_wconf 80' lang='lat' dir='ltr'><strong>sensum</strong></span> <span class='ocrx_word' id='word_1_203' title='bbox 1223 2563 1305 2634; x_wconf 61' lang='lat' dir='ltr'><strong>ugo.</strong></span> 
     </span>
     <span class='ocr_line' id='line_1_22' title="bbox 258 2648 1306 2732; baseline -0.005 -26"><span class='ocrx_word' id='word_1_204' title='bbox 258 2652 285 2707; x_wconf 95' lang='grc'><strong>3.</strong></span> <span class='ocrx_word' id='word_1_205' title='bbox 302 2652 326 2705; x_wconf 84' lang='grc'><strong>4.</strong></span> <span class='ocrx_word' id='word_1_206' title='bbox 344 2650 385 2732; x_wconf 64' lang='grc' dir='ltr'>ψ</span> <span class='ocrx_word' id='word_1_207' title='bbox 401 2651 443 2708; x_wconf 74' lang='grc'><strong>33.</strong></span> <span class='ocrx_word' id='word_1_208' title='bbox 459 2652 502 2707; x_wconf 87' lang='grc'><strong>36.</strong></span> <span class='ocrx_word' id='word_1_209' title='bbox 531 2658 595 2705; x_wconf 83' lang='lat' dir='ltr'><strong>tum</strong></span> <span class='ocrx_word' id='word_1_210' title='bbox 612 2658 640 2705; x_wconf 85' lang='lat' dir='ltr'><strong>et</strong></span> <span class='ocrx_word' id='word_1_211' title='bbox 659 2655 691 2706; x_wconf 77' lang='lat' dir='ltr'><strong>tn</strong></span> <span class='ocrx_word' id='word_1_212' title='bbox 708 2670 826 2707; x_wconf 81' lang='lat' dir='ltr'><strong>sensum</strong></span> <span class='ocrx_word' id='word_1_213' title='bbox 841 2651 892 2723; x_wconf 60' lang='lat' dir='ltr'><strong>lig.</strong></span> <span class='ocrx_word' id='word_1_214' title='bbox 911 2651 995 2704; x_wconf 88' lang='lat' dir='ltr'><strong>ceteri</strong></span> <span class='ocrx_word' id='word_1_215' title='bbox 1012 2667 1114 2716; x_wconf 87' lang='lat' dir='ltr'><strong>omnes,</strong></span> <span class='ocrx_word' id='word_1_216' title='bbox 1132 2649 1184 2703; x_wconf 86' lang='lat' dir='ltr'><strong>Gn.</strong></span> <span class='ocrx_word' id='word_1_217' title='bbox 1198 2650 1222 2703; x_wconf 84' lang='lat'><strong>3.</strong></span> <span class='ocrx_word' id='word_1_218' title='bbox 1242 2648 1306 2702; x_wconf 81' lang='lat' dir='ltr'><strong>edo.</strong></span> 
     </span>
     <span class='ocr_line' id='line_1_23' title="bbox 259 2732 1304 2803; baseline -0.005 -13"><span class='ocrx_word' id='word_1_219' title='bbox 259 2737 344 2803; x_wconf 80' lang='lat' dir='ltr'><strong>antiq.</strong></span> <span class='ocrx_word' id='word_1_220' title='bbox 364 2736 425 2790; x_wconf 87' lang='lat' dir='ltr'><strong>Ald.</strong></span> <span class='ocrx_word' id='word_1_221' title='bbox 445 2735 545 2790; x_wconf 82' lang='lat' dir='ltr'><strong>Peorc&#39;.</strong></span> <span class='ocrx_word' id='word_1_222' title='bbox 563 2735 630 2791; x_wconf 81' lang='lat' dir='ltr'><strong>Eun.</strong></span> <span class='ocrx_word' id='word_1_223' title='bbox 662 2743 691 2790; x_wconf 85' lang='lat' dir='ltr'><strong>et</strong></span> <span class='ocrx_word' id='word_1_224' title='bbox 710 2738 814 2790; x_wconf 83' lang='lat' dir='ltr'><strong>uncinis</strong></span> <span class='ocrx_word' id='word_1_225' title='bbox 833 2737 939 2793; x_wconf 83' lang='lat' dir='ltr'><strong>inclusit</strong></span> <span class='ocrx_word' id='word_1_226' title='bbox 958 2732 1060 2799; x_wconf 89' lang='lat' dir='ltr'><strong>Orell.;</strong></span> <span class='ocrx_word' id='word_1_227' title='bbox 1080 2733 1156 2786; x_wconf 81' lang='lat' dir='ltr'><strong>abest</strong></span> <span class='ocrx_word' id='word_1_228' title='bbox 1172 2749 1190 2785; x_wconf 88' lang='lat' dir='ltr'><strong>a</strong></span> <span class='ocrx_word' id='word_1_229' title='bbox 1207 2732 1259 2785; x_wconf 84' lang='lat' dir='ltr'><strong>Gn.</strong></span> <span class='ocrx_word' id='word_1_230' title='bbox 1279 2732 1304 2786; x_wconf 73' lang='grc'><strong>3.</strong></span> 
     </span>
     <span class='ocr_line' id='line_1_24' title="bbox 198 2808 1305 2889; baseline -0.004 -14"><span class='ocrx_word' id='word_1_231' title='bbox 198 2876 202 2882; x_wconf 67' lang='grc'><strong>,</strong></span> <span class='ocrx_word' id='word_1_232' title='bbox 260 2808 350 2875; x_wconf 70' lang='lat' dir='ltr'><strong>Haun.</strong></span> <span class='ocrx_word' id='word_1_233' title='bbox 371 2819 393 2874; x_wconf 90' lang='grc'><strong>1.</strong></span> <span class='ocrx_word' id='word_1_234' title='bbox 412 2819 437 2875; x_wconf 72' lang='lat'><strong>2.</strong></span> <span class='ocrx_word' id='word_1_235' title='bbox 460 2820 554 2875; x_wconf 83' lang='lat' dir='ltr'><strong>Lamb.</strong></span> <span class='ocrx_word' id='word_1_236' title='bbox 576 2819 653 2875; x_wconf 85' lang='lat' dir='ltr'><strong>Grut.</strong></span> <span class='ocrx_word' id='word_1_237' title='bbox 674 2820 738 2877; x_wconf 79' lang='lat' dir='ltr'><strong>Sci.</strong></span> <span class='ocrx_word' id='word_1_238' title='bbox 756 2821 855 2875; x_wconf 86' lang='lat' dir='ltr'><strong>Muell.</strong></span> <span class='ocrx_word' id='word_1_239' title='bbox 873 2821 959 2875; x_wconf 90' lang='lat' dir='ltr'><strong>llenr.</strong></span> <span class='ocrx_word' id='word_1_240' title='bbox 977 2820 1059 2889; x_wconf 86' lang='lat' dir='ltr'><strong>idque</strong></span> <span class='ocrx_word' id='word_1_241' title='bbox 1077 2834 1171 2871; x_wconf 87' lang='lat' dir='ltr'><strong>verum</strong></span> <span class='ocrx_word' id='word_1_242' title='bbox 1186 2816 1305 2872; x_wconf 81' lang='lat' dir='ltr'><strong>videtur.</strong></span> 
     </span>
     <span class='ocr_line' id='line_1_25' title="bbox 262 2900 1306 2976; baseline -0.002 -19"><span class='ocrx_word' id='word_1_243' title='bbox 262 2903 335 2958; x_wconf 86' lang='lat' dir='ltr'><strong>Nam</strong></span> <span class='ocrx_word' id='word_1_244' title='bbox 353 2905 375 2956; x_wconf 85' lang='lat' dir='ltr'><strong>si</strong></span> <span class='ocrx_word' id='word_1_245' title='bbox 394 2905 428 2957; x_wconf 88' lang='lat' dir='ltr'><strong>de</strong></span> <span class='ocrx_word' id='word_1_246' title='bbox 439 2905 545 2958; x_wconf 87' lang='lat' dir='ltr'><strong>dnobus</strong></span> <span class='ocrx_word' id='word_1_247' title='bbox 557 2905 661 2975; x_wconf 83' lang='lat' dir='ltr'><strong>pariter</strong></span> <span class='ocrx_word' id='word_1_248' title='bbox 673 2906 786 2976; x_wconf 88' lang='lat' dir='ltr'><strong>aliquid,</strong></span> <span class='ocrx_word' id='word_1_249' title='bbox 804 2918 858 2959; x_wconf 87' lang='lat' dir='ltr'><strong>non</strong></span> <span class='ocrx_word' id='word_1_250' title='bbox 871 2906 906 2959; x_wconf 88' lang='lat' dir='ltr'><strong>de</strong></span> <span class='ocrx_word' id='word_1_251' title='bbox 918 2905 1025 2959; x_wconf 85' lang='lat' dir='ltr'><strong>duobus</strong></span> <span class='ocrx_word' id='word_1_252' title='bbox 1037 2903 1133 2972; x_wconf 80' lang='lat' dir='ltr'><strong>iunctis</strong></span> <span class='ocrx_word' id='word_1_253' title='bbox 1145 2900 1306 2971; x_wconf 84' lang='lat' dir='ltr'><strong>praedicare</strong></span> 
     </span>
     <span class='ocr_line' id='line_1_26' title="bbox 260 2988 1307 3059; baseline -0.004 -16"><span class='ocrx_word' id='word_1_254' title='bbox 260 2988 394 3043; x_wconf 83' lang='lat' dir='ltr'><strong>voluisset</strong></span> <span class='ocrx_word' id='word_1_255' title='bbox 413 2990 546 3059; x_wconf 86' lang='lat' dir='ltr'><strong>scriptor,</strong></span> <span class='ocrx_word' id='word_1_256' title='bbox 570 2988 701 3044; x_wconf 83' lang='lat' dir='ltr'><strong>dicturus</strong></span> <span class='ocrx_word' id='word_1_257' title='bbox 715 2991 797 3044; x_wconf 81' lang='lat' dir='ltr'><strong>tuisse</strong></span> <span class='ocrx_word' id='word_1_258' title='bbox 816 2992 923 3045; x_wconf 88' lang='lat' dir='ltr'><strong>videtur</strong></span> <span class='ocrx_word' id='word_1_259' title='bbox 946 3007 998 3043; x_wconf 82' lang='lat' dir='ltr'><strong>nee</strong></span> <span class='ocrx_word' id='word_1_260' title='bbox 1016 2993 1048 3041; x_wconf 81' lang='lat' dir='ltr'><strong>in</strong></span> <span class='ocrx_word' id='word_1_261' title='bbox 1068 3004 1185 3040; x_wconf 80' lang='lat' dir='ltr'><strong>sensum</strong></span> <span class='ocrx_word' id='word_1_262' title='bbox 1203 3003 1256 3039; x_wconf 83' lang='lat' dir='ltr'><strong>nec</strong></span> <span class='ocrx_word' id='word_1_263' title='bbox 1275 2990 1307 3039; x_wconf 79' lang='lat' dir='ltr'><strong>iu</strong></span> 
     </span>
     <span class='ocr_line' id='line_1_27' title="bbox 260 3071 1306 3145; baseline -0.005 -18"><span class='ocrx_word' id='word_1_264' title='bbox 260 3078 398 3127; x_wconf 78' lang='lat' dir='ltr'><strong>mentem.</strong></span> <span class='ocrx_word' id='word_1_265' title='bbox 412 3102 449 3113; x_wconf 91' lang='lat'><em>-</em></span> <span class='ocrx_word' id='word_1_266' title='bbox 467 3077 581 3129; x_wconf 75' lang='lat' dir='ltr'><strong>intrare</strong></span> <span class='ocrx_word' id='word_1_267' title='bbox 597 3093 718 3128; x_wconf 81' lang='lat' dir='ltr'><strong>munere</strong></span> <span class='ocrx_word' id='word_1_268' title='bbox 735 3073 826 3145; x_wconf 58' lang='lat' dir='ltr'><strong>upa.</strong></span> <span class='ocrx_word' id='word_1_269' title='bbox 845 3076 883 3129; x_wconf 85' lang='lat' dir='ltr'><strong>ita</strong></span> <span class='ocrx_word' id='word_1_270' title='bbox 901 3092 957 3130; x_wconf 86' lang='lat' dir='ltr'><strong>var.</strong></span> <span class='ocrx_word' id='word_1_271' title='bbox 971 3072 1030 3136; x_wconf 66' lang='lat'><strong>323</strong></span> <span class='ocrx_word' id='word_1_272' title='bbox 1048 3072 1122 3125; x_wconf 86' lang='lat' dir='ltr'><strong>unde</strong></span> <span class='ocrx_word' id='word_1_273' title='bbox 1140 3071 1306 3142; x_wconf 82' lang='lat' dir='ltr'><strong>elegantissi-</strong></span> 
     </span>
    </p>
   </div>
   <div class='ocr_carea' id='block_1_8' title="bbox 168 3155 1304 3229">
    <p class='ocr_par' dir='ltr' id='par_1_9' title="bbox 168 3155 1304 3229">
     <span class='ocr_line' id='line_1_28' title="bbox 168 3155 1304 3229; baseline -0.005 -16"><span class='ocrx_word' id='word_1_274' title='bbox 168 3182 171 3187; x_wconf 59' lang='grc'>’</span> <span class='ocrx_word' id='word_1_275' title='bbox 260 3175 330 3212; x_wconf 86' lang='lat' dir='ltr'><strong>mam</strong></span> <span class='ocrx_word' id='word_1_276' title='bbox 350 3159 512 3228; x_wconf 84' lang='lat' dir='ltr'><strong>scripturam</strong></span> <span class='ocrx_word' id='word_1_277' title='bbox 531 3159 589 3228; x_wconf 85' lang='lat' dir='ltr'><strong>quis</strong></span> <span class='ocrx_word' id='word_1_278' title='bbox 608 3160 750 3229; x_wconf 86' lang='lat' dir='ltr'><strong>exsculpat</strong></span> <span class='ocrx_word' id='word_1_279' title='bbox 767 3176 907 3223; x_wconf 78' lang='lat' dir='ltr'><strong>nwnure,</strong></span> <span class='ocrx_word' id='word_1_280' title='bbox 930 3159 1005 3211; x_wconf 85' lang='lat' dir='ltr'><strong>cuius</strong></span> <span class='ocrx_word' id='word_1_281' title='bbox 1024 3162 1138 3211; x_wconf 74' lang='lat' dir='ltr'><strong>intrare</strong></span> <span class='ocrx_word' id='word_1_282' title='bbox 1157 3155 1304 3225; x_wconf 77' lang='lat' dir='ltr'><strong>explicatio</strong></span> 
     </span>
    </p>
   </div>
   <div class='ocr_carea' id='block_1_9' title="bbox 176 3242 1305 3484">
    <p class='ocr_par' dir='ltr' id='par_1_10' title="bbox 176 3242 1305 3484">
     <span class='ocr_line' id='line_1_29' title="bbox 246 3242 1305 3324; baseline -0.005 -28"><span class='ocrx_word' id='word_1_283' title='bbox 246 3243 359 3324; x_wconf 5' lang='lat' dir='ltr'><strong>pluerit,</strong></span> <span class='ocrx_word' id='word_1_284' title='bbox 383 3243 512 3312; x_wconf 85' lang='lat' dir='ltr'><strong>qnodque</strong></span> <span class='ocrx_word' id='word_1_285' title='bbox 529 3259 585 3296; x_wconf 88' lang='lat' dir='ltr'><strong>nou</strong></span> <span class='ocrx_word' id='word_1_286' title='bbox 604 3244 692 3298; x_wconf 86' lang='lat' dir='ltr'><strong>minus</strong></span> <span class='ocrx_word' id='word_1_287' title='bbox 709 3242 781 3298; x_wconf 88' lang='lat' dir='ltr'><strong>bene</strong></span> <span class='ocrx_word' id='word_1_288' title='bbox 805 3245 857 3297; x_wconf 86' lang='lat' dir='ltr'><strong>dici</strong></span> <span class='ocrx_word' id='word_1_289' title='bbox 874 3244 997 3314; x_wconf 89' lang='lat' dir='ltr'><strong>potuisse</strong></span> <span class='ocrx_word' id='word_1_290' title='bbox 1014 3242 1138 3308; x_wconf 81' lang='lat' dir='ltr'><strong>uidetur,</strong></span> <span class='ocrx_word' id='word_1_291' title='bbox 1163 3257 1243 3309; x_wconf 87' lang='lat' dir='ltr'><strong>quarn</strong></span> <span class='ocrx_word' id='word_1_292' title='bbox 1261 3244 1305 3292; x_wconf 78' lang='lat' dir='ltr'><strong>iru-</strong></span> 
     </span>
     <span class='ocr_line' id='line_1_30' title="bbox 176 3322 1304 3484; baseline 0.022 -132"><span class='ocrx_word' id='word_1_293' title='bbox 176 3345 179 3352; x_wconf 95' lang='lat'>.</span> <span class='ocrx_word' id='word_1_294' title='bbox 258 3328 351 3484; x_wconf 53' lang='lat' dir='ltr'><strong>propp-p</strong></span> <span class='ocrx_word' id='word_1_295' title='bbox 358 3327 559 3466; x_wconf 52' lang='lat' dir='ltr'><strong>repr-mnam</strong></span> <span class='ocrx_word' id='word_1_296' title='bbox 588 3327 724 3382; x_wconf 76' lang='lat' dir='ltr'><strong>conlundi</strong></span> <span class='ocrx_word' id='word_1_297' title='bbox 742 3346 777 3382; x_wconf 84' lang='lat' dir='ltr'><strong>eu</strong></span> <span class='ocrx_word' id='word_1_298' title='bbox 793 3329 894 3383; x_wconf 84' lang='lat' dir='ltr'><strong>docent</strong></span> <span class='ocrx_word' id='word_1_299' title='bbox 907 3327 996 3445; x_wconf 87' lang='lat' dir='ltr'><strong>lntpp.</strong></span> <span class='ocrx_word' id='word_1_300' title='bbox 1012 3326 1048 3381; x_wconf 88' lang='lat' dir='ltr'><strong>ad</strong></span> <span class='ocrx_word' id='word_1_301' title='bbox 1063 3324 1119 3405; x_wconf 67' lang='lat' dir='ltr'><strong>(lic.</strong></span> <span class='ocrx_word' id='word_1_302' title='bbox 1132 3324 1169 3383; x_wconf 90' lang='lat' dir='ltr'><strong>N.</strong></span> <span class='ocrx_word' id='word_1_303' title='bbox 1181 3325 1215 3418; x_wconf 88' lang='grc'><strong>1).</strong></span> <span class='ocrx_word' id='word_1_304' title='bbox 1229 3323 1249 3379; x_wconf 82' lang='lat' dir='ltr'><strong>l,</strong></span> <span class='ocrx_word' id='word_1_305' title='bbox 1264 3322 1304 3377; x_wconf 83' lang='lat'><strong>15.</strong></span> 
     </span>
    </p>
   </div>
   <div class='ocr_carea' id='block_1_10' title="bbox 258 3510 1307 3923">
    <p class='ocr_par' dir='ltr' id='par_1_11' title="bbox 258 3510 1307 3923">
     <span class='ocr_line' id='line_1_31' title="bbox 344 3510 1307 3584; baseline -0.003 -18"><span class='ocrx_word' id='word_1_306' title='bbox 344 3512 447 3568; x_wconf 84' lang='lat' dir='ltr'><strong>XXVl.</strong></span> <span class='ocrx_word' id='word_1_307' title='bbox 480 3511 538 3566; x_wconf 89' lang='lat'>110.</span> <span class='ocrx_word' id='word_1_308' title='bbox 566 3516 598 3566; x_wconf 77' lang='lat' dir='ltr'><strong>iro</strong></span> <span class='ocrx_word' id='word_1_309' title='bbox 615 3511 685 3582; x_wconf 78' lang='lat' dir='ltr'><strong>quo]</strong></span> <span class='ocrx_word' id='word_1_310' title='bbox 703 3512 735 3567; x_wconf 75' lang='lat' dir='ltr'><strong>io</strong></span> <span class='ocrx_word' id='word_1_311' title='bbox 752 3529 804 3566; x_wconf 87' lang='lat' dir='ltr'><strong>om.</strong></span> <span class='ocrx_word' id='word_1_312' title='bbox 820 3511 870 3584; x_wconf 81' lang='lat' dir='ltr'><strong>Lg.</strong></span> <span class='ocrx_word' id='word_1_313' title='bbox 887 3512 919 3564; x_wconf 85' lang='grc'><strong>17</strong></span> <span class='ocrx_word' id='word_1_314' title='bbox 930 3511 993 3565; x_wconf 83' lang='lat' dir='ltr'><strong>add.</strong></span> <span class='ocrx_word' id='word_1_315' title='bbox 1019 3525 1125 3582; x_wconf 72' lang='lat' dir='ltr'><strong>ponere</strong></span> <span class='ocrx_word' id='word_1_316' title='bbox 1142 3510 1226 3581; x_wconf 88' lang='lat' dir='ltr'><strong>paulo</strong></span> <span class='ocrx_word' id='word_1_317' title='bbox 1244 3517 1307 3563; x_wconf 82' lang='lat' dir='ltr'><strong>autc</strong></span> 
     </span>
     <span class='ocr_line' id='line_1_32' title="bbox 258 3590 1306 3668; baseline -0.007 -16"><span class='ocrx_word' id='word_1_318' title='bbox 258 3614 313 3653; x_wconf 89' lang='lat' dir='ltr'><strong>om.</strong></span> <span class='ocrx_word' id='word_1_319' title='bbox 331 3597 383 3650; x_wconf 84' lang='lat' dir='ltr'><strong>Gn.</strong></span> <span class='ocrx_word' id='word_1_320' title='bbox 405 3596 428 3652; x_wconf 94' lang='grc'><strong>1.</strong></span> <span class='ocrx_word' id='word_1_321' title='bbox 446 3627 481 3638; x_wconf 90' lang='grc'>-</span> <span class='ocrx_word' id='word_1_322' title='bbox 512 3602 553 3651; x_wconf 79' lang='lat' dir='ltr'><strong>rit</strong></span> <span class='ocrx_word' id='word_1_323' title='bbox 569 3596 659 3668; x_wconf 74' lang='lat' dir='ltr'><strong>quid]</strong></span> <span class='ocrx_word' id='word_1_324' title='bbox 683 3597 737 3652; x_wconf 87' lang='lat' dir='ltr'><strong>inv.</strong></span> <span class='ocrx_word' id='word_1_325' title='bbox 756 3596 807 3668; x_wconf 78' lang='lat' dir='ltr'><strong>Lg.</strong></span> <span class='ocrx_word' id='word_1_326' title='bbox 828 3597 868 3652; x_wconf 79' lang='lat' dir='ltr'><strong>lt.</strong></span> <span class='ocrx_word' id='word_1_327' title='bbox 887 3596 927 3650; x_wconf 81' lang='lat'><strong>15.</strong></span> <span class='ocrx_word' id='word_1_328' title='bbox 941 3596 988 3650; x_wconf 73' lang='lat'><strong>23.</strong></span> <span class='ocrx_word' id='word_1_329' title='bbox 1007 3596 1049 3650; x_wconf 81' lang='lat' dir='ltr'><strong>ot.</strong></span> <span class='ocrx_word' id='word_1_330' title='bbox 1068 3625 1103 3634; x_wconf 91' lang='lat'>—</span> <span class='ocrx_word' id='word_1_331' title='bbox 1131 3590 1306 3666; x_wconf 77' lang='lat' dir='ltr'><strong>ombipitar]</strong></span> 
     </span>
     <span class='ocr_line' id='line_1_33' title="bbox 260 3675 1305 3753; baseline -0.006 -17"><span class='ocrx_word' id='word_1_332' title='bbox 260 3682 432 3753; x_wconf 78' lang='lat' dir='ltr'><strong>ambipatur</strong></span> <span class='ocrx_word' id='word_1_333' title='bbox 448 3681 500 3753; x_wconf 78' lang='lat' dir='ltr'><strong>Lg.</strong></span> <span class='ocrx_word' id='word_1_334' title='bbox 518 3681 542 3737; x_wconf 76' lang='lat'><strong>2.</strong></span> <span class='ocrx_word' id='word_1_335' title='bbox 560 3713 596 3723; x_wconf 90' lang='lat'><strong>—-</strong></span> <span class='ocrx_word' id='word_1_336' title='bbox 623 3682 761 3753; x_wconf 65' lang='lat' dir='ltr'><strong>exstant]</strong></span> <span class='ocrx_word' id='word_1_337' title='bbox 783 3685 887 3736; x_wconf 71' lang='lat' dir='ltr'><strong>existit</strong></span> <span class='ocrx_word' id='word_1_338' title='bbox 903 3681 961 3752; x_wconf 64' lang='lat' dir='ltr'><strong>ng..</strong></span> <span class='ocrx_word' id='word_1_339' title='bbox 972 3688 1084 3751; x_wconf 86' lang='lat' dir='ltr'><strong>praeter</strong></span> <span class='ocrx_word' id='word_1_340' title='bbox 1098 3680 1122 3734; x_wconf 80' lang='lat'><strong>5.</strong></span> <span class='ocrx_word' id='word_1_341' title='bbox 1140 3706 1177 3720; x_wconf 55' lang='grc' dir='ltr'><strong>κ-</strong></span> <span class='ocrx_word' id='word_1_342' title='bbox 1200 3675 1305 3746; x_wconf 81' lang='lat' dir='ltr'><strong>ctiam]</strong></span> 
     </span>
     <span class='ocr_line' id='line_1_34' title="bbox 258 3762 1305 3855; baseline -0.007 -34"><span class='ocrx_word' id='word_1_343' title='bbox 258 3775 288 3822; x_wconf 76' lang='lat' dir='ltr'><strong>et</strong></span> <span class='ocrx_word' id='word_1_344' title='bbox 306 3766 354 3855; x_wconf 60' lang='lat' dir='ltr'><strong>lap.</strong></span> <span class='ocrx_word' id='word_1_345' title='bbox 373 3766 415 3821; x_wconf 80' lang='lat' dir='ltr'><strong>st.</strong></span> <span class='ocrx_word' id='word_1_346' title='bbox 426 3762 469 3808; x_wconf 67' lang='grc'><strong>“-</strong></span> <span class='ocrx_word' id='word_1_347' title='bbox 491 3784 529 3820; x_wconf 77' lang='lat' dir='ltr'><strong>ea·</strong></span> <span class='ocrx_word' id='word_1_348' title='bbox 547 3765 667 3840; x_wconf 70' lang='lat' dir='ltr'><strong>scripuli]</strong></span> <span class='ocrx_word' id='word_1_349' title='bbox 684 3770 826 3838; x_wconf 69' lang='lat' dir='ltr'><strong>rescripti</strong></span> <span class='ocrx_word' id='word_1_350' title='bbox 842 3764 892 3837; x_wconf 79' lang='lat' dir='ltr'><strong>Lg.</strong></span> <span class='ocrx_word' id='word_1_351' title='bbox 911 3767 936 3821; x_wconf 79' lang='grc'><strong>4.</strong></span> <span class='ocrx_word' id='word_1_352' title='bbox 967 3767 1145 3837; x_wconf 74' lang='lat' dir='ltr'><strong>exscriptis</strong></span> <span class='ocrx_word' id='word_1_353' title='bbox 1163 3762 1215 3817; x_wconf 85' lang='lat' dir='ltr'><strong>Ga.</strong></span> <span class='ocrx_word' id='word_1_354' title='bbox 1235 3763 1259 3816; x_wconf 92' lang='grc'><strong>3.</strong></span> <span class='ocrx_word' id='word_1_355' title='bbox 1275 3791 1305 3804; x_wconf 84' lang='lat'><strong>-·</strong></span> 
     </span>
     <span class='ocr_line' id='line_1_35' title="bbox 259 3847 1306 3923; baseline -0.009 -17"><span class='ocrx_word' id='word_1_356' title='bbox 259 3850 519 3923; x_wconf 73' lang='lat' dir='ltr'><strong>interpretatione]</strong></span> <span class='ocrx_word' id='word_1_357' title='bbox 539 3856 614 3905; x_wconf 79' lang='lat' dir='ltr'><strong>certi</strong></span> <span class='ocrx_word' id='word_1_358' title='bbox 632 3868 703 3907; x_wconf 87' lang='lat' dir='ltr'><strong>corr.</strong></span> <span class='ocrx_word' id='word_1_359' title='bbox 723 3855 831 3905; x_wconf 71' lang='lat' dir='ltr'><strong>incerte·</strong></span> <span class='ocrx_word' id='word_1_360' title='bbox 847 3855 964 3904; x_wconf 77' lang='lat' dir='ltr'><strong>ratione</strong></span> <span class='ocrx_word' id='word_1_361' title='bbox 980 3850 1031 3921; x_wconf 81' lang='lat' dir='ltr'><strong>Lg.</strong></span> <span class='ocrx_word' id='word_1_362' title='bbox 1045 3850 1070 3904; x_wconf 67' lang='lat' dir='ltr'><strong>i.</strong></span> <span class='ocrx_word' id='word_1_363' title='bbox 1105 3847 1306 3919; x_wconf 75' lang='lat' dir='ltr'><strong>disputatione</strong></span> 
     </span>
    </p>
   </div>
   <div class='ocr_carea' id='block_1_11' title="bbox 138 3934 1305 4004">
    <p class='ocr_par' dir='ltr' id='par_1_12' title="bbox 138 3934 1305 4004">
     <span class='ocr_line' id='line_1_36' title="bbox 138 3934 1305 4004; baseline -0.005 -14"><span class='ocrx_word' id='word_1_364' title='bbox 138 3951 141 3957; x_wconf 80' lang='grc'><em>’</em></span> <span class='ocrx_word' id='word_1_365' title='bbox 256 3939 281 3990; x_wconf 77' lang='lat' dir='ltr'><strong>l.</strong></span> <span class='ocrx_word' id='word_1_366' title='bbox 300 3939 380 3990; x_wconf 86' lang='lat' dir='ltr'><strong>inser.</strong></span> <span class='ocrx_word' id='word_1_367' title='bbox 400 3934 426 3990; x_wconf 74' lang='grc'><strong>3.</strong></span> <span class='ocrx_word' id='word_1_368' title='bbox 445 3939 640 3990; x_wconf 72' lang='lat' dir='ltr'><strong>incantatione</strong></span> <span class='ocrx_word' id='word_1_369' title='bbox 658 3937 715 4003; x_wconf 86' lang='lat' dir='ltr'><strong>(ita</strong></span> <span class='ocrx_word' id='word_1_370' title='bbox 732 3936 766 3992; x_wconf 76' lang='grc'><strong>33</strong></span> <span class='ocrx_word' id='word_1_371' title='bbox 784 3934 869 4004; x_wconf 87' lang='lat' dir='ltr'><strong>corr.)</strong></span> <span class='ocrx_word' id='word_1_372' title='bbox 886 3935 913 3988; x_wconf 76' lang='grc' dir='ltr'><strong>ῐ.</strong></span> <span class='ocrx_word' id='word_1_373' title='bbox 931 3940 1104 3991; x_wconf 66' lang='lat' dir='ltr'><strong>certatione,</strong></span> <span class='ocrx_word' id='word_1_374' title='bbox 1119 3961 1155 3971; x_wconf 84' lang='lat'>—</span> <span class='ocrx_word' id='word_1_375' title='bbox 1173 3934 1203 3985; x_wconf 79' lang='lat' dir='ltr'><strong>trr</strong></span> <span class='ocrx_word' id='word_1_376' title='bbox 1223 3935 1305 3984; x_wconf 81' lang='lat' dir='ltr'><strong>certa</strong></span> 
     </span>
    </p>
   </div>
   <div class='ocr_carea' id='block_1_12' title="bbox 241 4014 1304 4181">
    <p class='ocr_par' dir='ltr' id='par_1_13' title="bbox 241 4014 1304 4181">
     <span class='ocr_line' id='line_1_37' title="bbox 241 4014 1304 4103; baseline -0.003 -27"><span class='ocrx_word' id='word_1_377' title='bbox 241 4024 376 4103; x_wconf 24' lang='lat' dir='ltr'><strong>&#39;ratione</strong></span> <span class='ocrx_word' id='word_1_378' title='bbox 390 4020 430 4076; x_wconf 87' lang='grc'><strong>13.</strong></span> <span class='ocrx_word' id='word_1_379' title='bbox 458 4023 693 4075; x_wconf 69' lang='lat' dir='ltr'><strong>terminatione</strong></span> <span class='ocrx_word' id='word_1_380' title='bbox 709 4021 751 4077; x_wconf 79' lang='grc'><strong>33.</strong></span> <span class='ocrx_word' id='word_1_381' title='bbox 780 4023 959 4073; x_wconf 59' lang='lat' dir='ltr'><strong>oneratione</strong></span> <span class='ocrx_word' id='word_1_382' title='bbox 974 4020 1025 4075; x_wconf 88' lang='lat' dir='ltr'><strong>Gu.</strong></span> <span class='ocrx_word' id='word_1_383' title='bbox 1039 4022 1064 4075; x_wconf 89' lang='grc'><strong>3.</strong></span> <span class='ocrx_word' id='word_1_384' title='bbox 1092 4014 1304 4070; x_wconf 83' lang='lat' dir='ltr'><strong>Emendatiores</strong></span> 
     </span>
     <span class='ocr_line' id='line_1_38' title="bbox 256 4097 1303 4181; baseline 0 -21"><span class='ocrx_word' id='word_1_385' title='bbox 256 4105 339 4176; x_wconf 79' lang='lat' dir='ltr'><strong>tgttur</strong></span> <span class='ocrx_word' id='word_1_386' title='bbox 356 4103 400 4162; x_wconf 81' lang='lat' dir='ltr'><strong>otc</strong></span> <span class='ocrx_word' id='word_1_387' title='bbox 417 4103 523 4181; x_wconf 70' lang='lat' dir='ltr'><strong>novitii.</strong></span> <span class='ocrx_word' id='word_1_388' title='bbox 538 4132 575 4167; x_wconf 34' lang='lat'><strong>,—</strong></span> <span class='ocrx_word' id='word_1_389' title='bbox 596 4102 687 4174; x_wconf 65' lang='lat' dir='ltr'><strong>meod]</strong></span> <span class='ocrx_word' id='word_1_390' title='bbox 706 4104 833 4174; x_wconf 78' lang='lat' dir='ltr'><strong>vulgatur</strong></span> <span class='ocrx_word' id='word_1_391' title='bbox 849 4120 924 4159; x_wconf 82' lang='lat' dir='ltr'><strong>cum.</strong></span> <span class='ocrx_word' id='word_1_392' title='bbox 955 4103 1025 4159; x_wconf 84' lang='lat' dir='ltr'><strong>lllud</strong></span> <span class='ocrx_word' id='word_1_393' title='bbox 1041 4100 1139 4175; x_wconf 82' lang='lat' dir='ltr'><strong>scripsi</strong></span> <span class='ocrx_word' id='word_1_394' title='bbox 1156 4116 1190 4154; x_wconf 78' lang='lat' dir='ltr'><strong>ex</strong></span> <span class='ocrx_word' id='word_1_395' title='bbox 1211 4097 1261 4171; x_wconf 82' lang='lat' dir='ltr'><strong>Lg.</strong></span> <span class='ocrx_word' id='word_1_396' title='bbox 1277 4097 1303 4159; x_wconf 77' lang='grc'><strong>3.</strong></span> 
     </span>
    </p>
   </div>
   <div class='ocr_carea' id='block_1_13' title="bbox 0 0 1484 4584">
    <p class='ocr_par' dir='ltr' id='par_1_14' title="bbox 0 0 1484 4584">
     <span class='ocr_line' id='line_1_39' title="bbox 0 0 1484 4584; baseline 0 0"><span class='ocrx_word' id='word_1_397' title='bbox 0 0 1484 4584; x_wconf 95' lang='lat' dir='ltr'><strong> </strong></span> 
     </span>
    </p>
   </div>
  </div>
 </body>
</html>
