2938 4590
256 306 362 380 U
657 299 914 372 CICERONIS

256 459 304 550 St,
328 482 433 550 terete,
456 475 534 557 petii
547 475 606 540 ltoc
620 475 792 540 somnust)
814 475 929 558 quibus
942 490 998 540 uec
1013 483 1116 540 meter
1131 492 1189 542 uer
1199 471 1311 559 puter,n

260 576 365 642 Toeto
384 577 597 659 confidentia?
622 576 744 658 cuserte
764 578 859 641 istum
880 577 964 640 euim
985 576 1175 658 superbiam.

256 690 338 763 Nan
369 697 403 759 in
431 692 542 760 Coelio
571 712 650 759 sene
682 694 778 759 etien
809 692 852 759 ed
877 711 1007 759 cursum
1032 692 1109 759 utile
1136 693 1195 759 iuit
1218 703 1310 761 tuum

255 810 349 889 illud,
375 810 509 889 Antoni,
536 830 606 878 curn
627 809 684 876 ille
706 829 727 875 e
748 830 785 876 se
805 811 969 897 pecuniam
990 811 1163 898 proiectum
1185 811 1309 878 (liceret

255 931 347 999 testis
367 939 399 995 et
419 928 551 995 heberet
570 927 667 994 filium
690 927 919 1005 delicatiorem,
943 928 1076 994 6666616
1098 930 1163 994 iens
1183 928 1258 1010 illo,
1321 970 1333 993 ι

397 1053 518 1121 Semir’
539 1073 728 1121 recensere
750 1066 868 1121 tectum
889 1057 1022 1137 triptota
1041 1056 1161 1120 miris?

255 1178 329 1246 958.
351 1176 388 1246 16
408 1179 469 1248 hoc
489 1200 590 1265 genus
612 1180 807 1246 coniciuntur
824 1178 1006 1266 proverbia:
1029 1189 1065 1244 ut
1083 1178 1163 1245 iliud
1179 1177 1308 1267 Scipio-

258 1300 325 1376 nis,
357 1318 427 1365 euni
452 1297 583 1364 Asellus
615 1299 716 1383 ornnis
742 1299 929 1384 provincias!
954 1296 1111 1383 stipendio
1135 1308 1308 1364 merentem

257 1435 294 1482 se
309 1425 500 1502 peragrasse
518 1414 722 1500 gloriaretur:
744 1417 827 1498 Aoos
844 1416 976 1481 ossium
995 1424 1027 1480 et
1044 1424 1160 1481 cetera.
1198 1413 1306 1494 Quare

256 1553 299 1601 en
318 1552 456 1620 quoque,
483 1535 630 1620 quonium
656 1535 781 1599 notetis
801 1531 909 1600 verbis
929 1552 994 1599 non
1015 1543 1147 1620 possunt
1167 1535 1305 1600 retinere

256 1652 390 1720 666666
410 1661 618 1729 venustatem,
644 1671 709 1719 non
729 1653 763 1717 in
784 1671 834 1730 re,
862 1650 919 1717 sed
941 1652 975 1715 in
992 1649 1100 1718 serbis
1121 1652 1226 1737 positu
1246 1652 1305 1717 ‹lu-

256 1780 376 1838 centur.
423 1769 497 1835 259.
527 1767 585 1835 Est
606 1771 700 1835 etiarn
725 1771 761 1834 in
780 1767 878 1835 verbo
902 1770 1037 1855 positum
1061 1788 1126 1834 non
1151 1767 1306 1835 insulsum

256 1906 358 1972 genus
385 1906 505 1963 exeo,
533 1905 603 1953 cum
631 1885 840 1963 adverbum,
867 1904 931 1952 non
957 1884 999 1951 od
1025 1888 1211 1952 sententian
1236 1908 1306 1954 rem

258 2005 403 2090 occipere
433 2002 577 2080 videare,
610 2022 650 2068 ex
680 2022 742 2088 quo
768 2022 831 2068 uno
862 2021 980 2088 genere
1012 2012 1094 2069 totus
1128 2014 1177 2070 est
1204 2001 1306 2073 'lutor

255 2202 300 2258 93.
318 2203 362 2258 94.
379 2201 483 2269 ortu
499 2200 544 2270 93.
564 2232 596 2244 -
615 2204 723 2272 tacete]
739 2201 843 2273 facere
858 2202 910 2275 Lg.
928 2201 954 2260 9.
972 2203 1016 2258 81.
1043 2207 1135 2258 tacite
1150 2204 1176 2260 6.
1203 2211 1304 2273 iacere

255 2288 300 2345 91.
318 2288 361 2344 76.
378 2317 414 2330 -
444 2286 549 2359 quibus
565 2317 601 2331 ·-
616 2288 829 2357 confidentioi]
853 2292 919 2360 quis
935 2318 972 2331 -
989 2288 1185 2358 confidentia,
1204 2292 1303 2361 portien

257 2382 351 2441 recte,
371 2374 565 2444 portin-secus
583 2373 699 2427 coniecit
716 2373 861 2450 Solouetn.;
884 2389 1016 2444 recepere
1034 2372 1132 2428 Mueli.
1150 2372 1200 2431 Or.
1218 2375 1302 2433 Henr.

255 2457 334 2512 Libri
358 2457 516 2529 661166-
540 2457 721 2528 confidentia
742 2463 823 2515 estis.
864 2458 975 2514 Deinde
997 2474 1051 2512 rtec
1074 2460 1148 2529 prius
1171 2477 1224 2516 our.
1249 2460 1300 2532 Lg.

257 2560 299 2615 pr.
318 2543 344 2598 9.
362 2542 421 2610 36.,
446 2543 510 2598 item
532 2542 584 2599 (iu.
605 2542 628 2599 l.
652 2550 751 2598 muter
770 2553 798 2598 et
813 2551 904 2617 pater
927 2545 954 2597 iu
974 2543 1093 2614 plurimis
1112 2543 1189 2599 libris
1213 2546 1302 2600 locum

257 2636 409 2694 mutarunt,
427 2628 501 2696 quod
522 2637 639 2682 metrum
660 2628 806 2683 convincit.
826 2661 858 2673 -
885 2629 987 2702 pater]
1010 2632 1051 2682 sit
1068 2628 1131 2683 eid.
1153 2627 1303 2685 (16.9.-

257 2712 385 2784 cerferro]
408 2711 510 2782 aufert
531 2712 581 2784 [Ag.
600 2713 625 2768 9.
651 2713 692 2767 15.
712 2713 753 2767 16.
775 2714 818 2768 99.
838 2714 874 2768 94
890 2731 960 2768 corr.
984 2721 1013 2766 ut
1030 2713 1055 2768 3.
1075 2712 1118 2768 35.
1136 2712 1178 2768 36.
1197 2713 1241 2770 65.
1259 2716 1301 2773 79.

255 2798 298 2854 rr.
318 2796 359 2852 76.
377 2797 420 2852 81.
439 2797 480 2851 84.
499 2795 542 2854 86.
567 2797 753 2853 66911166.
786 2797 874 2868 aufer
889 2798 931 2853 91.
967 2797 1105 2868 aufertur
1122 2798 1176 2855 Gn:
1190 2798 1214 2853 9.
1248 2817 1303 2854 arr-

255 2882 335 2953 t'erte
353 2882 378 2936 3.
394 2881 418 2936 5.
432 2880 458 2937 6.
471 2881 518 2949 14.
534 2883 574 2938 17.
592 2882 635 2938 93.
654 2882 696 2937 67.
715 2882 758 2937 93.
777 2913 811 2923 -
834 2884 938 2951 iriam]
955 2900 1007 2938 orn.
1025 2882 1075 2954 ng.
1091 2882 1116 2938 9.
1134 2880 1175 2938 36.
1203 2887 1304 2941 terens

260 2984 283 3022 s.
301 2964 420 3023 isthanc
438 2974 466 3020 et
486 2969 564 3021 istrie
585 2967 636 3040 ng.
655 2967 680 3021 3.
699 2968 724 3022 5.
745 2967 785 3022 14.
809 2967 852 3023 93.
870 2968 911 3023 94.
928 2967 972 3024 67.
993 2968 1064 3022 Vict.
1083 2967 1182 3037 aliique
1200 2969 1300 3040 plures.

255 3057 317 3127 isia
340 3069 365 3107 c.
388 3068 417 3107 ru
444 3051 496 3106 Gu.
517 3052 595 3107 1.-
626 3054 716 3120 enim]
741 3052 804 3107 edd.
831 3056 863 3107 in
886 3053 938 3125 Lg.
960 3052 986 3107 9.
1012 3052 1054 3107 36.
1079 3056 1158 3107 enim
1181 3070 1299 3126 expung.

257 3137 298 3194 15.
310 3140 347 3180 ἒ-
369 3136 483 3205 Caelio]
502 3137 591 3191 nulius
608 3137 679 3191 liber
695 3137 740 3191 lric
754 3155 798 3201 oe,
817 3148 928 3208 proeter
945 3136 996 3192 Gu.
1013 3137 1036 3192 1.
1049 3136 1074 3192 9,
1092 3134 1163 3192 Reli
1190 3137 1300 3204 Caelio,

259 3222 339 3278 Geiio
358 3222 419 3275 celo
437 3221 544 3291 (vict).
564 3253 596 3264 -
627 3223 722 3291 iurem]
746 3228 808 3276 tum
831 3221 882 3294 ng.
901 3231 1014 3293 praeter
1029 3222 1055 3277 9.
1081 3220 1124 3276 36.
1144 3220 1188 3278 81.
1205 3222 1248 3279 93.
1266 3253 1301 3264 -

255 3307 381 3374 tactum]
412 3310 539 3362 turinum
566 3306 616 3379 L'g.
638 3306 664 3363 9.
688 3307 731 3371 36.
768 3313 899 3383 trucium
924 3306 950 3364 3.
976 3305 1003 3360 6.
1030 3305 1063 3360 16
1081 3323 1156 3363 corr..
1177 3306 1212 3362 69
1229 3324 1299 3365 cerr.

254 3390 298 3445 765
321 3391 393 3446 Vici.

272 3498 274 3501 ·
339 3474 399 3530 958.
436 3475 635 3545 coniciuntur]
649 3477 747 3548 scripsi
764 3494 800 3531 ex
817 3475 904 3548 ispi.
918 3475 958 3530 16.
971 3474 1014 3530 99.
1028 3474 1072 3531 36.
1085 3474 1129 3530 69.
1144 3475 1185 3531 79.
1201 3476 1243 3530 73.
1259 3475 1299 3530 76.

256 3561 410 3631 eodemque
427 3561 499 3616 redit
514 3564 681 3616 coiciuntur
697 3562 725 3615 in
739 3561 755 3615 5
768 3578 838 3617 corr.
856 3561 932 3627 uti„
945 3560 985 3615 17.
996 3559 1039 3617 81.
1058 3559 1128 3615 Vict
1140 3589 1176 3601 -
1193 3561 1300 3629 omnis]

254 3648 353 3719 scripsi
373 3665 409 3701 ex
424 3645 476 3703 Gn.
491 3646 515 3699 1.
525 3645 550 3701 9.
570 3645 621 3718 Lg.
637 3656 749 3718 praeter
762 3646 787 3703 3.
803 3646 846 3702 36.
865 3646 1047 3701 6661666-
1064 3662 1096 3699 se
1110 3647 1299 3718 peroprarse]

254 3750 287 3788 ee
312 3749 365 3788 orn.
390 3731 440 3803 bg.
465 3740 578 3802 praeter
600 3730 643 3787 99.
667 3730 711 3787 93.
741 3732 907 3800 omninoque
931 3730 1060 3798 frequens
1083 3738 1126 3783 est
1150 3747 1299 3800 pronomen

253 3805 519 3871 iuxto'iniinitivonn
548 3814 650 3881 omini,
678 3826 834 3886 suspectum
859 3825 950 3869 tomen
973 3831 1074 3886 coepe,
1105 3831 1165 3868 curn
1187 3823 1300 3885 propter

253 3902 387 3971 potitum,
418 3901 482 3969 quie
505 3897 670 3952 infinitivum
691 3900 821 3969 subsequi
844 3900 931 3965 solet,
960 3907 1015 3952 turn
1038 3907 1154 3968 propter
1174 3915 1299 3963 sensum

253 3983 330 4036 reiut
359 3983 404 4037 iric
435 3982 545 4036 dubium
572 3981 675 4034 rideri>
689 3983 776 4050 possit
799 3983 942 4037 Asellosne
970 3999 1005 4035 on
1028 3983 1123 4052 Scipio
1146 3983 1299 4053 provincius

254 4067 454 4136 peragraverit.
475 4066 508 4118 V.
522 4064 721 4132 explicationes
735 4066 771 4117 od
783 4065 830 4121 111.
843 4067 869 4131 5,
883 4065 923 4121 18.
934 4093 967 4108 —-
989 4066 1146 4133 ducantur]
1161 4067 1299 4121 dicoretur

250 4147 303 4217 lig.
320 4147 346 4204 3.
365 4148 407 4205 96.
424 4150 468 4206 69.
486 4148 527 4205 73.
545 4162 617 4203 corr.
635 4164 701 4201 erre
717 4148 857 4206 dicaretur
873 4150 899 4206 6.
936 4150 1075 4205 dicuutur
1091 4149 1116 4206 9.
1136 4149 1179 4205 36.
