2938 4590
408 259 467 327 DE
496 257 724 328 olisbona
752 259 876 327 LIBER
896 259 934 328 11.
955 260 1007 328 44.
1135 262 1236 334 860

194 429 323 496 videant
354 438 407 494 aut
434 428 555 496 saluum
581 428 679 495 velint
712 439 765 495 aut
789 439 926 496 memant
951 439 1005 496 aut
1034 439 1159 517 sperent
1184 441 1237 497 aut

94 562 106 570 ”
196 550 320 633 cupiant
353 556 405 611 aut
432 544 620 612 abhorreant
653 557 705 611 aut
730 546 887 613 laetentur
918 557 971 614 ant
994 558 1155 613 maereant
1184 555 1237 614 ant

197 665 402 730 misereantur
433 673 486 729 aut
512 666 622 750 punirc
650 663 748 730 velint
777 674 829 729 aut
858 664 899 735 cd
925 684 982 731 cos
1011 675 1111 732 motus
1139 665 1236 731 dedu·

161 757 168 766 ·
195 790 316 858 cantur,
349 782 379 846 si
405 783 457 865 qui
486 780 607 847 finitimi
635 790 718 848 sunt¹
731 791 761 848 et
786 783 950 869 propinqui
975 780 1026 849 bis
1054 802 1092 848 ac
1117 780 1234 849 talibus

85 912 88 922 ·
195 899 290 962 animi
319 898 573 984 permotionibus.
634 898 707 965 186.
743 888 846 984 Atque
876 898 956 966 illud
989 900 1155 986 optandum
1185 909 1234 966 est

165 1017 323 1105 oratori,
353 1026 390 1080 ut
419 1015 557 1102 aliquam
583 1017 806 1102 permotionem
838 996 1011 1083 animorum
1031 1037 1097 1109 ‚sno
1123 1026 1232 1105 sponte
1261 1074 1265 1079 ,
1335 1106 1342 1113 ⁸

189 1134 250 1219 ipsi
273 1131 405 1199 aiierant
427 1133 468 1198 ad
490 1152 618 1198 oausam
639 1132 759 1198 iudices
782 1133 892 1211 adid,
914 1133 997 1220 quod
1017 1134 1136 1203 utilitas
1158 1153 1231 1201 ora

187 1252 266 1316 toris
289 1250 378 1328 ieret,
401 1249 676 1317 accommodatam.
712 1247 851 1316 Facilius
873 1262 922 1318 ost
942 1254 1025 1318 euim
1047 1262 1229 1327 currentem,

186 1377 221 1432 ut
243 1370 342 1446 aiunt,
364 1369 511 1446 incitare,
534 1386 626 1453 qnam
649 1386 842 1434 commovere
863 1368 1072 1453 languentem.
1116 1366 1176 1434 Sin
1197 1368 1230 1434 id
1295 1459 1298 1465 Ι

186 1487 415 1551 autnonerit
442 1486 580 1550 anteiit
609 1482 787 1561 obscurius,
819 1487 899 1556 sicut
927 1487 1048 1554 medico
1076 1486 1228 1571 diligenti,

184 1604 272 1689 prius
299 1621 391 1687 quarn
418 1613 547 1668 conetur
570 1620 668 1685 aegro
690 1598 840 1667 adbibere
862 1603 1065 1680 medicinam,
1090 1622 1155 1670 non
1175 1622 1229 1669 so·

184 1718 251 1783 ium
272 1717 399 1783 morbus
421 1721 499 1796 eius,
521 1720 571 1784 cni
594 1717 712 1783 mederi
727 1717 822 1796 volet,
844 1719 902 1784 s'ed
923 1721 1017 1785 etiam
1038 1706 1229 1786 consuetudo
1280 1764 1285 1769 -

185 1834 321 1900 valentis
343 1846 374 1902 at
391 1845 505 1901 natura
521 1838 662 1922 corporis
685 1836 908 1920 cognoscenda
924 1846 986 1902 est:
1010 1838 1057 1903 sic
1075 1835 1227 1922 equidem,

185 1971 264 2021 cum,
277 1953 447 2038 aggredior
469 1953 502 2018 in
517 1955 644 2041 ancipiti
659 1972 759 2019 cansa
780 1961 811 2018 et
827 1954 919 2038 gravi
941 1953 983 2018 ad
1003 1957 1125 2020 animos
1145 1952 1227 2019 indi·

110 2176 113 2179 ’
182 2186 346 2251 ducantur,
364 2186 438 2255 qnod
455 2204 509 2241 non
529 2188 628 2241 maium
646 2195 702 2254 est,
725 2186 802 2247 Cast.
820 2186 872 2258 Lg.
890 2187 933 2248 35,
950 2186 993 2249 69.
1010 2187 1053 2244 33.
1071 2187 1135 2242 nid.
1153 2186 1223 2249 lunt,

182 2271 256 2325 Crat.
280 2269 358 2325 Man.
381 2278 410 2323 et
428 2287 483 2324 rec.
508 2279 572 2340 post
590 2269 655 2328 Bru.
691 2271 876 2325 abducantur
896 2272 974 2329 Grnt.
998 2271 1084 2329 Gron.
1104 2272 1225 2331 uescitur

181 2354 264 2407 uude.
293 2352 419 2407 Ceterum
437 2371 464 2409 v.
481 2354 685 2423 explicationes.
699 2381 734 2400 ι-
752 2354 877 2424 finitimi
893 2355 973 2426 sunt]
989 2356 1040 2424 fin.
1056 2359 1117 2407 sint
1133 2353 1183 2424 ng.
1196 2353 1222 2409 3.

181 2437 207 2492 3.
226 2439 252 2490 4.
271 2435 297 2490 5.
316 2435 342 2490 6.
368 2436 409 2489 14.
429 2436 469 2488 15.
489 2436 529 2490 16.
551 2436 592 2491 17.
617 2437 661 2493 36.
678 2436 720 2490 33.
739 2437 781 2496 34.
805 2437 847 2498 33,
859 2439 911 2493 65.
929 2439 972 2493 67.
998 2440 1040 2493 76.
1059 2437 1101 2492 73.
1120 2436 1223 2492 7681.

179 2522 223 2576 86.
242 2551 278 2560 —-
300 2523 464 2592 propinqui
486 2519 546 2590 bin]
570 2521 608 2573 do
627 2523 805 2594 propinquis
834 2520 980 2591 173711666
1003 2522 1085 2578 ruodo
1107 2521 1224 2591 apposui
1320 2519 1323 2522 ’

181 2616 211 2661 et
229 2606 269 2660 13.
289 2604 391 2670 Gna,
408 2604 529 2663 sednon
546 2605 595 2677 ng.
613 2606 656 2662 67.
683 2610 861 2679 propinquis
880 2604 922 2661 33.
955 2604 1001 2659 bis
1019 2622 1072 2667 om,
1091 2613 1119 2658 et
1134 2604 1177 2660 36.
1189 2634 1223 2652 ‚-

181 2695 279 2746 animi
292 2689 539 2762 permotionibus]
564 2694 661 2744 661611
682 2708 735 2751 ont.
752 2690 824 2749 Vict.
854 2690 976 2750 Alterum
993 2690 1095 2759 sumpsi
1119 2706 1154 2742 en
1171 2688 1223 2759 Lg,

180 2776 304 2834 omnibus
325 2782 434 2845 praeter
456 2774 499 2828 35.
517 2773 560 2829 61.
579 2774 638 2841 ab,
663 2792 778 2845 quorum
799 2783 890 2833 tomen
912 2774 954 2829 61.
978 2771 1222 2848 promotionibus.

179 2859 302 2931 ineptum
327 2858 399 2912 ieret
424 2851 520 2930 ingere
547 2865 647 2913 motus
671 2868 699 2913 et
721 2864 922 2932 permotiones
951 2875 1007 2912 non
1032 2875 1100 2921 saue
1123 2873 1221 2931 magno

178 2944 326 3004 intervallo
341 2942 481 3002 disiuncta.
517 2944 608 3016 Vulgo
625 2944 725 3016 iegitur
736 2942 1022 3016 perturbationibus.
1284 2940 1287 2945 ’

180 3088 185 3096 ·
265 3061 323 3116 186.
357 3062 587 3133 permotionem]
603 3067 822 3136 promotionem
840 3062 890 3133 Lg.
909 3061 943 3116 33
963 3068 990 3114 et
1008 3061 1039 3115 81
1060 3077 1130 3119 corr,
1148 3068 1219 3113 utor·

178 3166 240 3219 qne.
259 3175 294 3187 —
323 3145 467 3223 afferant]
486 3147 651 3219 61617973.
671 3148 695 3202 3.
714 3149 739 3200 4.
759 3146 800 3201 13:
817 3147 860 3201 33.
879 3146 922 3216 36.
947 3146 999 3201 Gn.
1016 3146 1040 3199 3.
1078 3143 1220 3215 adserunt

176 3233 218 3287 34.
236 3232 279 3287 65.
294 3231 337 3288 67.
356 3230 396 3284 76.
416 3231 458 3286 73.
476 3230 519 3285 86.
537 3262 570 3272 -
596 3231 868 3308 accommodatam]
887 3232 1032 3286 adsonem.
1051 3229 1101 3301 ng.
1120 3227 1159 3283 17.
1175 3227 1217 3281 65.

176 3317 218 3372 67.
238 3316 280 3370 76.
305 3316 347 3370 73.
384 3315 615 3369 accommodato
642 3316 694 3370 Gn.
712 3318 737 3373 3.
754 3344 791 3358 —·
819 3314 1013 3385 commonere]
1042 3317 1219 3369 commoneri

178 3402 210 3469 (s.
230 3416 358 3454 common.
377 3408 406 3453 ut
423 3399 465 3454 69.
479 3400 535 3469 84.)
552 3399 603 3472 Lg.
617 3401 642 3456 5.
659 3402 683 3455 6.
706 3401 746 3456 13.
767 3399 808 3453 14.
827 3399 869 3454 36.
888 3399 930 3452 33.
948 3387 999 3469 34.
1010 3399 1045 3452 33
1055 3416 1082 3453 v.
1096 3415 1122 3452 u.
1137 3405 1155 3452 t.
1174 3396 1216 3451 35.

160 3485 220 3540 ,aa
236 3486 278 3539 67.
299 3485 340 3538 76.
368 3484 438 3539 Vici.
465 3485 518 3539 Gu.
536 3486 561 3539 3.
582 3517 613 3531 -
641 3484 693 3554 nt]
712 3502 764 3539 orn.
784 3482 834 3554 Lg.
852 3484 878 3537 4.
888 3511 931 3551 .···
958 3484 1024 3554 aut]
1049 3501 1102 3537 om.
1124 3480 1173 3553 Lg.
1192 3484 1216 3534 4.

177 3575 278 3623 cutem
297 3568 336 3623 16.
347 3567 396 3623 134.
416 3568 456 3624 73.
475 3599 511 3611 ·-
534 3569 629 3640 steret]
647 3572 738 3622 sicarii
755 3567 897 3622 (16.1-
916 3567 1069 3639 1111196611]
1087 3565 1172 3636 fideii
1189 3570 1218 3617 ei

177 3652 314 3725 1111196611
335 3652 384 3725 Lg.
402 3653 428 3707 6.
445 3680 481 3696 ·-
506 3658 596 3726 prius
614 3652 716 3728 quum]
739 3652 779 3705 sic
800 3652 907 3705 divisim
923 3651 974 3727 ng.
991 3653 1033 3710 67,
1051 3652 1094 3706 66.
1114 3649 1155 3703 73.
1174 3649 1215 3710 76.

174 3738 216 3793 81.
234 3738 277 3792 34.
295 3738 337 3803 93.
365 3737 513 3792 (16.3-
543 3736 677 3810 morbus]
700 3735 798 3791 morbi
820 3736 870 3807 Lg.
892 3737 1043 3808 96161613.
1064 3738 1088 3790 4.
1113 3733 1153 3788 13.
1173 3733 1214 3795 17.

173 3822 215 3877 33.
235 3822 417 3888 163661,
440 3823 504 3875 item
529 3823 599 3877 vica
626 3822 677 3875 Gu.
695 3821 720 3877 3.
757 3820 887 3875 moribus
908 3821 942 3875 33
965 3839 1036 3877 corr.
1059 3819 1163 3873 morbi.
1184 3849 1214 3858 -

173 3906 251 3978 eius]
276 3925 329 3961 om.
351 3907 404 3977 bg.
425 3906 467 3964 33.
494 3906 585 3961 statim
607 3910 658 3961 cui
678 3907 793 3961 mederi
813 3906 889 3960 uolet
918 3923 970 3960 orn.
995 3904 1044 3975 Lg.
1070 3905 1095 3963 3.
1121 3905 1145 3957 4.
1175 3900 1213 3957 13.

172 3992 207 4045 33
224 3993 288 4047 odd.
306 3993 349 4046 36.
375 3991 427 4045 Gu.
445 3990 470 4046 3.
502 3990 753 4063 6611117973-
778 4008 845 4045 oum
862 3987 1213 4062 6991611161·]96611699.

173 4076 223 4148 Lg.
244 4075 286 4131 13.
304 4075 339 4131 33
352 4092 424 4132 corr.
441 4075 484 4131 36.
505 4075 557 4132 Gu.
572 4078 598 4133 3.
631 4075 793 4149 admonitor
809 4074 852 4130 73.
871 4105 902 4117 -
927 4078 960 4129 16
978 4074 1106 4144 ancipiti
1123 4085 1215 4125 causo
