2980 4602
405 278 465 356 Dli
492 288 719 358 ostroan
746 290 872 361 LIBER
892 292 916 361 l.
937 295 990 364 37.
1158 296 1229 370 38

183 459 451 529 Adulescentulus
481 479 557 537 pero
591 462 639 525 sio
666 462 755 527 initio
789 461 1001 528 accusationis
1034 463 1230 529 maniam.
1273 442 1305 496 ,ἰ
1317 474 1363 529 χ..
1376 474 1388 493 .

184 599 267 655 sum,
295 587 328 643 ut
353 576 414 642 hoc
441 595 592 641 summum
619 576 804 643 beneficium
832 576 869 657 Q.
892 575 1032 644 Maximo
1059 577 1229 657 debuerim,

185 695 268 781 qnod
295 695 441 759 contiuuo
469 692 635 759 consilium
656 693 826 771 dimiserit,
852 693 944 759 simul
966 713 1005 760 ac
1025 714 1075 760 me
1097 694 1230 762 fractum

182 832 220 878 ae
251 810 447 877 debilitatum
478 820 561 878 metu
590 808 712 875 viderit.
769 810 840 875 122.
871 808 931 876 llic
963 822 1071 877 omnes
1102 813 1229 878 assensi

184 927 364 1013 significare
399 928 480 992 inter
511 946 546 991 se
578 935 609 991 et
641 925 779 1012 colloqui
811 937 987 1013 coeperunt.
1046 924 1115 993 Fuit
1145 929 1228 994 enim

183 1045 331 1117 namucus
354 1043 481 1129 quidam
502 1045 535 1108 in
552 1040 670 1109 Crasso
692 1043 800 1129 pudor,
823 1044 876 1128 qui
896 1053 1002 1109 tamen
1022 1063 1085 1109 non
1100 1032 1229 1110 obesset

183 1166 251 1230 eius
275 1161 426 1257 orationi,
450 1158 507 1224 sed
527 1158 692 1245 probitatis
706 1138 984 1226 commendatione
1004 1159 1177 1246 prodesset.

264 1273 398 1344 xxvll.
442 1273 524 1340 Tum
555 1275 725 1352 Antonius,
762 1273 881 1363 Saepe,
917 1286 950 1341 ut
986 1276 1080 1353 dicis,
1117 1277 1225 1362 inquit,

184 1394 402 1469 animadverti,
428 1390 562 1469 Crasse,
592 1402 624 1463 at
648 1403 678 1458 te
706 1402 737 1457 et
763 1402 885 1458 ceteros
909 1412 1045 1465 summos
1072 1403 1225 1471 oratores,

180 1531 358 1601 quenquam
386 1508 443 1574 tibi
468 1527 527 1594 par
552 1528 624 1580 mea
649 1511 804 1578 sententia
824 1529 915 1579 nemo
936 1528 1071 1595 unquam
1091 1509 1164 1587 iult,
1192 1510 1225 1579 la

178 1625 306 1711 dicendi
331 1626 460 1696 exordio
483 1627 669 1711 permoveri.
714 1624 785 1689 133.
818 1622 914 1696 Cuius
936 1625 1059 1711 quidem
1085 1627 1134 1693 rei
1155 1644 1225 1693 oum

180 1764 314 1814 causam
334 1762 513 1828 quaererem
535 1741 792 1828 quidnamesset
813 1761 877 1819 eur,
899 1743 933 1806 ln
954 1754 1077 1836 quoquo
1099 1752 1223 1809 oratore

177 1864 342 1959 plurimum
363 1870 461 1938 esset,
483 1862 530 1925 ita
549 1860 685 1925 mamme
705 1859 734 1925 is
755 1859 1003 1951 pertimesceret,
1025 1857 1085 1932 les
1108 1877 1223 1931 causas

264 2130 322 2184 133.
358 2127 469 2195 omnes]
493 2128 590 2180 omnis
614 2125 665 2197 Lg.
689 2126 714 2180 5.
731 2125 756 2183 6.
777 2126 876 2187 1316.
898 2127 938 2183 17.
957 2129 991 2183 34
1008 2143 1078 2182 corr.
1096 2126 1132 2182 33
1148 2142 1219 2183 eom.

176 2218 219 2273 36.
237 2216 280 2271 65.
300 2213 342 2268 70.
362 2212 404 2265 73.
421 2210 463 2269 66.
492 2210 544 2264 Gn.
564 2211 589 2270 3,
607 2238 643 2250 —-
669 2211 797 2283 assensi]
821 2211 943 2282 admei
963 2212 1013 2284 ag.
1035 2211 1061 2267 3.
1083 2211 1107 2266 5.
1132 2210 1218 2266 613.

178 2302 219 2357 17.
237 2300 281 2356 66.
301 2298 342 2355 70,
374 2294 426 2355 Gn,
448 2295 474 2353 3.
510 2311 683 2358 assensum,
708 2295 819 2354 Gruteri
843 2297 993 2367 scriptura,
1019 2312 1153 2364 nosquam
1178 2310 1220 2347 re·

175 2385 285 2456 peritur
303 2382 331 2437 in
350 2379 429 2437 codd.
446 2406 482 2419 -
512 2382 590 2436 teter
614 2380 656 2447 se]
680 2381 720 2433 sic
744 2379 795 2452 ng.
814 2379 1157 2451 omnespraeter13.di.
1176 2376 1220 2432 85.

175 2468 240 2532 86„
259 2466 325 2522 itero
341 2462 394 2522 Ga,
410 2461 433 2524 l.
458 2463 510 2514 Alii
527 2480 595 2521 sese.
613 2492 650 2505 -
674 2464 814 2534 colloqui]
833 2465 970 2534 conloqui
988 2462 1038 2535 Lg.
1059 2463 1098 2519 17.
1116 2463 1159 2517 33.
1176 2461 1219 2516 65.

178 2550 285 2608 71173.
321 2546 432 2600 Ponant
451 2555 513 2616 post
529 2548 696 2618 sipntfieure
713 2548 764 2620 ng.
783 2548 826 2602 63.
844 2547 887 2602 93.
906 2546 1001 2604 Lemb.
1020 2576 1056 2592 -·
1078 2544 1222 2612 mirificus
1272 2534 1283 2545 ”

178 2634 317 2708 quidam]
337 2633 393 2691 inv.
407 2629 458 2684 Gu.
474 2629 497 2684 l.
513 2631 537 2685 3.
551 2661 585 2676 ν-
602 2650 661 2686 non
678 2632 793 2686 obesset
802 2659 837 2672 -
851 2631 904 2690 sed
915 2630 1084 2703 prodesset]
1101 2629 1141 2681 sic
1158 2627 1222 2687 dedi

175 2739 228 2794 pro
246 2718 359 2789 vulgatis
377 2723 405 2769 et
422 2715 599 2785 plurimorum
616 2718 747 2776 librorum
764 2717 899 2786 scriptura
915 2732 975 2768 non
990 2714 1079 2773 mode
1096 2729 1155 2768 non
1173 2711 1222 2769 ab·

117 2796 254 2865 .esset
268 2832 305 2844 -
326 2802 379 2860 sed
397 2804 488 2855 etiam
503 2801 675 2873 prodesset,
701 2802 819 2861 fucatam
843 2809 871 2857 et
890 2800 1039 2869 quaesitam
1060 2797 1222 2871 elegantium
1324 2852 1327 2856 ,
1430 2804 1434 2811 ·

173 2907 243 2965 prae
261 2878 292 2948 se
309 2886 436 2949 [terente.¹
462 2886 551 2945 modo
570 2902 630 2939 reon
646 2886 725 2943 abest
742 2905 759 2939 u
775 2886 825 2959 bg,
840 2885 865 2940 3.
882 2886 906 2946 4,
926 2886 968 2943 13.
989 2885 1031 2940 15.
1049 2884 1083 2941 33
1094 2884 1157 2941 add.
1176 2882 1219 2939 36

174 2977 228 3029 Gn.
243 2976 268 3028 3.
288 2971 323 3027 U.
340 2972 369 3024 Ζ.
384 2989 406 3024 ε.
435 2974 528 3024 ettam
548 2969 727 3041 abestaLg.
746 2970 828 3024 313.
849 2970 945 3031 1636.
973 2971 1025 3025 Gn.
1042 2971 1067 3026 3.
1102 2968 1220 3039 Corrup-

173 3059 259 3119 telam
282 3066 310 3110 et
331 3052 504 3115 coniectandi
532 3054 668 3113 licentiam
696 3054 797 3113 indicat
823 3056 903 3116 etium
928 3055 1016 3120 vict,
1043 3055 1070 3113 in
1100 3071 1154 3124 quo
1179 3060 1220 3107 est
1250 3110 1253 3119 Ἰ

172 3150 293 3198 tantum
310 3158 368 3194 aaa
388 3138 509 3201 obesset,
526 3166 562 3183 ›—
591 3140 858 3213 commendatiooe]
878 3140 1028 3200 coamend,
1047 3138 1098 3211 bg.
1117 3140 1142 3194 3.
1164 3155 1217 3192 om.
1321 3180 1332 3205 ,

134 3248 145 3256 ·
174 3221 203 3287 et
220 3227 283 3284 add.
300 3226 335 3279 al.
355 3242 388 3281 m.
417 3224 470 3283 Gu.
489 3225 515 3281 3.

259 3324 374 3387 xxvll.
397 3325 627 3394 'animaduertlJ
651 3328 786 3381 animum
808 3325 925 3379 adverti
944 3323 995 3395 Lg.
1014 3324 1031 3377 3
1058 3342 1075 3377 a
1098 3339 1169 3376 corr.
1192 3323 1220 3376 ln

171 3415 273 3481 lacuna
295 3412 433 3481 scriptum.
470 3414 607 3480 animm
629 3410 749 3463 adverti
765 3412 816 3478 (sic
838 3411 945 3479 punctis
964 3409 1112 3478 suppositis
1129 3407 1221 3461 mendi
1307 3436 1310 3443 ,

171 3499 279 3569 signo),
303 3496 375 3550 Vict.
394 3523 430 3537 »-
452 3512 583 3552 summes
601 3495 748 3562 oratores]
772 3495 827 3548 inv.
850 3493 902 3565 Lg.
920 3495 946 3548 3.
966 3494 991 3547 5,
1009 3493 1035 3546 6.
1055 3492 1094 3547 ld.
1117 3491 1157 3550 16,
1178 3492 1219 3549 17.

170 3583 216 3640 30.
235 3582 277 3639 at.
297 3580 331 3636 33
345 3598 414 3636 corr.
434 3582 476 3641 35.
495 3582 537 3639 65.
555 3579 598 3635 oe.
617 3580 659 3633 70.
678 3579 720 3635 73.
742 3577 783 3633 76.
801 3579 844 3632 84.
862 3576 964 3634 8693.
991 3576 1041 3632 Gn.
1056 3579 1081 3633 3.
1098 3605 1132 3623 ν-
1147 3578 1220 3649 pur]

169 3668 250 3741 ponit
274 3675 338 3737 post
354 3670 502 3720 sententia
519 3665 571 3736 hg.
588 3664 631 3719 36.
650 3693 687 3703 -
711 3664 854 3732 uuquam]
881 3664 920 3716 sic
944 3661 993 3733 Lg.
1019 3679 1115 3719 omnes
1134 3678 1174 3732 pr.
1193 3660 1218 3715 6.

168 3769 315 3823 umquam
337 3750 382 3813 llic
403 3761 432 3805 et
450 3750 502 3805 Gn.
520 3751 545 3805 3.
564 3779 601 3791 —-
627 3750 810 3823 pmwuert]
833 3751 1004 3820 permaneri
1023 3745 1074 3806 Gn.
1095 3746 1118 3801 1.
1145 3763 1219 3832 w‘

169 3841 286 3894 moveri
305 3837 367 3906 (sic)
386 3836 458 3890 Vict.

258 3939 317 3994 133.
355 3939 450 4005 caius]
471 3940 535 3990 eius
555 3935 605 4006 Lg.
625 3934 650 3990 3.
674 3963 710 3977 -
738 3932 1026 4005 quidnam1divisim
1049 3931 1099 4001 Lg.
1121 3928 1165 3981 67.
1184 3928 1217 3982 81

169 4041 242 4083 corr.
260 4024 303 4078 87.
324 4023 367 4078 33.
393 4021 445 4076 Gn.
462 4021 486 4076 l.
506 4029 536 4075 ut
553 4021 622 4076 lunt.
653 4037 778 4075 aurnum
795 4021 819 4073 l.
845 4047 881 4060 -
911 4021 943 4071 iu
960 4016 1085 4086 queque]
1110 4013 1220 4083 egregie

168 4111 210 4167 sic
219 4108 325 4185 optimi,
345 4108 493 4180 Vulgarum
508 4113 541 4164 ul
556 4110 589 4166 tu
602 4123 716 4184 quoque
730 4103 936 4180 interpolatoris
953 4098 1111 4175 interpretis
1122 4111 1217 4155 manus
