2968 4596
267 337 334 408 50
661 328 920 398 ulcussouls

197 542 200 548 Α
265 503 365 570 fuisso
392 500 540 576 laturum,
565 498 629 566 uisi
654 501 689 565 iu
713 519 783 567 rueo
809 518 908 585 reguo
931 518 1037 578 esses,
1065 498 1148 585 quod
1175 501 1208 565 lu
1230 505 1314 568 omui

265 639 383 705 gauere
406 618 575 695 sermonis,
597 619 631 682 iu
652 620 737 683 omni
757 628 845 704 parte
866 616 1067 682 humanitatis
1088 617 1218 683 dixerim
1242 638 1316 685 ora-

232 741 364 804 torem
384 735 554 822 perlectum
576 754 648 801 esse
672 735 812 801 deberet
842 732 1005 819 Nunquam
1026 753 1076 800 me
1098 733 1232 802 Hercule
1254 735 1317 802 hoo

267 855 419 931 dioeram
445 855 581 931 slsum,
608 872 699 938 quem
719 852 820 936 ungo.
844 872 893 917 me
916 854 1017 938 ipsum
1039 872 1111 918 esse
1134 852 1316 918 arbitrarer.

267 973 320 1039 72.
347 969 414 1036 Sed
440 981 472 1035 ut
498 969 622 1036 solebat
651 964 685 1035 6.
714 966 856 1034 Lucilius
883 988 978 1055 saepe
1006 970 1111 1036 dicere
1138 968 1231 1036 homo
1258 969 1317 1036 tibi

268 1088 440 1165 subiratus,
467 1085 544 1152 milui
563 1096 689 1174 propter
709 1105 779 1151 eam
801 1089 902 1172 ipsam
925 1105 1055 1152 oausam
1076 1089 1193 1166 miuus,
1222 1107 1316 1175 quam

266 1205 408 1283 volebat,
435 1203 617 1281 familiaris,
645 1203 703 1269 sed
728 1213 833 1269 tamen
859 1214 890 1269 et
918 1204 1027 1270 doetus
1055 1214 1086 1270 et
1111 1204 1316 1291 per-urbanus,

270 1326 317 1392 olo
343 1323 445 1389 seutio
472 1321 628 1385 nemiuem
649 1340 721 1386 esse
743 1322 778 1385 iu
800 1331 957 1387 oratorum
979 1341 1107 1388 numero
1129 1319 1315 1401 habendum,

271 1442 323 1526 qui
344 1459 408 1505 uon
429 1440 471 1504 sit
491 1436 634 1503 omuibus
655 1439 696 1503 iis
717 1437 851 1515 artibus,
873 1458 954 1525 quae
977 1412 1048 1504 suut
1068 1437 1170 1505 libero
1190 1439 1317 1524 dignae,

270 1555 460 1644 perpolitus3
485 1553 598 1640 qulbus
619 1557 698 1641 ipsis
721 1556 750 1620 si
770 1558 805 1620 iu
826 1555 959 1622 diceudo
980 1576 1044 1622 uon
1064 1558 1190 1634 utimur,
1212 1565 1318 1624 tamen

272 1683 401 1761 apparet
423 1682 515 1758 atque
537 1681 639 1738 exstat
655 1681 757 1738 utrum
777 1675 873 1738 simus
895 1692 1002 1738 aarum
1020 1673 1115 1739 rudes
1137 1692 1179 1739 au
1198 1674 1318 1741 didice-

271 1795 378 1858 rimus.
422 1790 474 1857 73.
496 1786 536 1855 Ut
552 1791 606 1876 qui
625 1789 693 1882 pila
710 1788 819 1855 ludunt
837 1799 1043 1856 uon-utuntur
1059 1792 1092 1855 in
1107 1793 1179 1877 ipsa
1193 1792 1318 1864 lusiouo

274 1909 404 1979 artificio
425 1908 551 1995 proprio
573 1906 768 1993 palaestrae,
797 1906 855 1971 sed
881 1906 999 1972 iudicat
1024 1909 1092 1993 ipse
1114 1919 1215 1975 motus
1237 1910 1318 1975 didi-

274 2027 412 2092 oeriutue
437 2023 629 2110 palaestram
658 2042 699 2088 on
723 2025 887 2101 uesoiout3
915 2034 946 2089 et
972 2026 1025 2110 qui
1049 2024 1169 2112 aliquid
1193 2026 1319 2112 fingunt.

185 2230 192 2241 ’
275 2273 301 2328 s.
318 2272 361 2327 aa.
381 2271 422 2327 73.
445 2300 480 2312 -
509 2288 559 2325 me
575 2269 714 2339 Hermo]
735 2272 774 2324 oc
792 2271 898 2325 rrvtsrm
919 2271 968 2345 ug.
987 2274 1012 2327 u.
1033 2272 1072 2328 13.
1093 2272 1133 2329 su.
1152 2273 1194 2329 so.
1215 2275 1255 2331 rs.
1274 2276 1317 2334 so.

275 2356 327 2412 Gu.
345 2358 372 2412 3.
391 2363 419 2409 et
437 2354 502 2408 boul
520 2356 645 2427 plerique
663 2356 702 2409 sie
720 2356 818 2410 solent.
846 2355 943 2410 hercle
958 2360 983 2412 4.
1004 2358 1028 2413 5.
1047 2357 1072 2411 6.
1091 2357 1133 2414 23.
1157 2360 1320 2416 mehercle

277 2442 317 2496 14.
337 2440 378 2495 15.
398 2439 439 2493 16.
460 2439 502 2495 91.
522 2439 564 2495 94.
583 2440 626 2495 65.
643 2440 686 2496 69.
701 2441 742 2497 70.
760 2440 802 2496 81.
817 2440 859 2496 84.
877 2472 913 2481 -
947 2446 1044 2515 ipsum
1062 2445 1136 2512 esse]
1157 2445 1211 2501 luv.
1230 2446 1280 2519 14.
1293 2450 1318 2504 4.

274 2524 316 2582 69.
344 2524 510 2580 arbitrarer
527 2542 591 2578 esse
606 2524 641 2578 63
657 2543 727 2582 corr.
747 2543 799 2581 om.
826 2543 890 2580 esse
908 2525 942 2580 76
959 2527 1021 2582 add.
1039 2527 1082 2583 81.
1106 2528 1234 2591 arbitrer
1251 2530 1293 2587 86.

363 2651 404 2706 79.
442 2648 484 2717 G]
509 2649 542 2705 G.
566 2650 617 2722 14.
634 2650 677 2706 81.
694 2679 731 2694 -
764 2651 910 2720 Lucilius]
930 2651 1075 2707 Lucidius
1099 2652 1149 2727 Lg.
1170 2654 1210 2710 17.
1228 2655 1269 2713 32.
1291 2656 1321 2711 m

274 2736 369 2791 Lamb.
388 2764 420 2776 -
447 2733 573 2802 volebat]
592 2734 724 2788 volebam
743 2736 813 2791 coni.
832 2735 898 2792 Ern.
918 2765 953 2777 —
964 2796 967 2803 .
979 2746 1008 2790 et
1026 2738 1143 2809 doctus]
1164 2747 1193 2793 et
1210 2758 1261 2795 om.
1277 2742 1319 2799 17.

273 2819 309 2874 69
327 2818 390 2872 add.
416 2816 537 2871 edoctus
555 2818 625 2873 vtes.
644 2848 681 2860 -
715 2822 790 2889 esse]
812 2839 863 2876 om.
885 2820 935 2893 ug.
957 2824 980 2877 4.
1001 2822 1042 2878 76.
1061 2823 1103 2878 81.
1122 2852 1158 2867 -
1187 2828 1226 2880 iio
1245 2831 1320 2881 arli-

274 2903 341 2968 bus]
360 2900 483 2955 luteast.
503 2900 552 2971 Lg.
572 2902 613 2957 36.
634 2902 677 2958 65.
696 2903 739 2960 67.
758 2905 800 2960 69.
814 2906 854 2960 70.
870 2906 910 2960 73.
923 2905 965 2961 84.
978 2906 1022 2962 86.
1040 2908 1110 2965 vict.
1130 2926 1198 2965 corr.
1218 2914 1265 2965 its.
1283 2940 1320 2952 —-·

276 2983 379 3052 libero]
402 2983 520 3039 homine
542 2986 604 3041 odd.
625 2986 675 3059 14.
693 2987 718 3043 9.
738 2992 755 3042 4
775 3007 844 3045 corr.
871 2990 923 3045 Gu.
942 2991 966 3046 3.
987 3000 1014 3061 β.
1031 3013 1058 3064 y.
1077 3022 1113 3034 -
1149 2996 1320 3051 sunt—di-

274 3070 362 3142 pnae]
381 3068 490 3140 dtpnae
507 3077 574 3124 sunt
592 3070 684 3127 (14.3.
703 3103 739 3114 -—
765 3076 808 3142 si]
827 3082 856 3129 et
873 3080 902 3130 st
918 3074 968 3147 Lg.
987 3077 1011 3132 3.
1027 3078 1069 3134 67.
1088 3079 1128 3131 lta
1143 3096 1211 3134 corr.
1226 3079 1268 3135 32.
1285 3108 1320 3122 -

276 3154 418 3227 apparet]
438 3154 564 3226 adparet
582 3155 732 3228 146684
750 3176 819 3215 corr.
838 3188 872 3200 -
902 3163 1002 3231 atque]
1022 3180 1075 3217 om.
1095 3162 1145 3218 Gu.
1155 3163 1180 3218 2.
1199 3192 1235 3205 -
1268 3182 1320 3219 ea·
1352 3158 1356 3163 ⁴

275 3237 356 3309 stat]
376 3244 462 3292 extat
479 3238 528 3310 14.
549 3257 643 3295 omnes
660 3260 701 3314 pr.
720 3243 745 3299 5.
764 3272 800 3286 -
827 3244 942 3317 earum]
960 3247 1036 3301 addit
1053 3264 1153 3302 rerum
1172 3247 1223 3304 Gu.
1245 3249 1268 3306 l.
1284 3279 1321 3292 —-

275 3325 326 3392 an]
348 3329 403 3378 aut
422 3341 492 3399 corr.
513 3342 553 3378 ao
571 3325 640 3381 vict.

263 3479 272 3491 ·
360 3449 400 3505 73.
437 3449 553 3504 indicat
572 3456 635 3523 ipse
651 3455 761 3521 motus]
781 3460 879 3508 motus
898 3458 962 3527 tpae
980 3458 1040 3512 ind.
1062 3457 1111 3530 14.
1129 3460 1154 3514 5,
1172 3458 1198 3514 6.
1218 3458 1258 3514 lo.
1279 3460 1320 3514 17.

272 3532 316 3590 23.
333 3533 374 3588 94.
394 3533 437 3589 65.
456 3534 497 3590 76.
513 3535 553 3590 73.
566 3535 608 3591 84.
619 3537 662 3591 86.
681 3538 794 3592 sidicat
809 3557 831 3594 s.
851 3541 968 3596 iudicat
984 3542 1026 3596 21.
1045 3573 1081 3583 -
1110 3543 1320 3613 didicmntue]

273 3618 709 3689 44444944464149404181-
725 3624 850 3693 aliquid]
869 3625 965 3696 aliqui
981 3627 1032 3681 Gu.
1044 3627 1069 3683 3.
1079 3655 1115 3670 ·-
1133 3630 1201 3697 etet]
1214 3629 1321 3683 dlvlslm

272 3700 323 3773 14.
336 3702 378 3757 35.
391 3699 433 3755 67.
446 3701 488 3757 69.
503 3703 543 3758 73.
557 3695 767 3773 rualodus.
781 3707 824 3764 93.
849 3709 900 3765 Gu.
918 3710 941 3767 1.
957 3712 981 3767 3
1013 3717 1148 3783 quamvis
1165 3713 1214 3784 Lg.
1230 3713 1271 3767 lo.
1285 3742 1320 3754 -

273 3786 348 3853 tem]
372 3791 436 3841 tom
455 3784 506 3840 Gu.
527 3787 549 3842 l.
566 3815 601 3829 —-
633 3792 830 3861 orationibus]
851 3795 1021 3850 oratoribus
1038 3797 1137 3852 vitioso
1156 3797 1206 3869 Lg.
1226 3813 1321 3853 omnes

273 3886 315 3939 pr.
333 3869 359 3923 2.
377 3868 403 3922 3.
420 3868 464 3924 67,
481 3869 524 3925 69.
540 3870 582 3927 83.
596 3873 639 3929 86.
659 3886 810 3931 correctum
827 3878 854 3931 lu
873 3879 915 3935 32.
947 3880 987 3935 Ut
1005 3881 1072 3954 14,
1092 3883 1131 3936 lta
1151 3883 1203 3937 Gu.
1214 3883 1239 3938 2.
1250 3882 1322 3937 3.-

273 3954 455 4021 oootiooum]
466 3956 515 4027 sle
531 3973 581 4026 per
600 3965 613 4012 4
632 3958 682 4031 14.
700 3959 752 4016 XX
773 3961 892 4031 bonique
909 3982 1020 4032 omnes3
1048 3971 1276 4038 contionemque
1294 3968 1321 4023 4.

273 4035 309 4092 39
326 4052 395 4091 oorr.
413 4056 441 4092 u.
458 4046 476 4093 t.
502 4047 675 4098 oontrooam
690 4043 733 4100 81.
770 4045 1028 4106 llicsemoleGu.
1049 4051 1127 4106 1.-
1161 4056 1257 4107 ettam
1275 4054 1321 4121 44]

274 4122 315 4183 sle
337 4120 441 4178 dlvlsluu
463 4121 514 4197 14.
531 4124 623 4195 ΚΝ,
657 4144 771 4198 quorum
792 4141 855 4186 sont
887 4133 928 4190 13.
952 4134 996 4191 36.
1017 4135 1127 4195 66169.
1148 4136 1190 4213 76.
1213 4136 1254 4193 73.
1274 4136 1319 4194 76.
