2968 4596
261 293 330 364 eo
476 245 477 248 ‘
655 284 912 355 uroxuours

261 449 370 526 tinere.
412 458 464 526 57.
488 456 608 538 Quibus
630 477 706 543 ego,
727 468 760 522 ut
782 458 820 523 do
842 456 893 522 his
913 454 1008 524 rebus
1029 454 1064 520 in
1084 453 1210 539 angulis
1229 475 1306 521 con-

263 577 404 643 sumendi
422 578 477 643 otii
491 595 592 642 cause
605 576 775 654 disserant,
799 574 869 641 cum
883 592 1087 650 concessero,
1109 572 1188 639 illud
1201 583 1308 638 tamen

263 695 382 763 oratori
406 693 540 759 tribuam
566 703 596 760 et
622 692 719 770 dabo,
746 702 779 758 ut
804 692 929 785 eadem,
957 690 1130 777 dequibus
1151 690 1200 754 illi
1220 691 1307 755 tenui

263 811 397 897 quodam
423 812 637 896 exsanguique
664 803 808 876 sermone
835 810 1003 896 disputant,
1037 807 1089 873 lric
1121 827 1191 873 cum
1222 809 1307 872 omui

262 930 416 1013 gravitate
448 937 479 993 et
509 905 699 997 iucunditate
730 924 873 1012 explicet.
916 924 1004 992 Hace
1035 945 1095 1010 ego
1128 945 1198 991 cum
1226 926 1306 1011 ipsis

262 1044 456 1132 philosophis
483 1054 547 1111 tum
567 1044 700 1109 Athenis
729 1042 948 1109 disserebam.⁴
979 1041 1120 1127 (lugebat
1147 1044 1230 1107 enirn
1255 1061 1305 1107 me

263 1159 308 1225 M.
330 1160 503 1228 Marcellus
529 1162 582 1229 hic
602 1171 724 1256 noster,
752 1162 805 1247 qui
825 1180 908 1225 nuuc
930 1160 1044 1226 aedilis
1067 1160 1184 1226 emulis
1207 1168 1254 1224 est
1276 1168 1307 1224 et

225 1270 228 1275 ’
262 1278 416 1364 prolecto,
447 1281 511 1344 nlsl
540 1278 633 1345 ludos
664 1298 746 1344 nuuc
772 1277 903 1356 faceret,
935 1275 1008 1342 huic
1033 1287 1142 1343 nostro
1169 1277 1307 1342 sermoni

262 1397 448 1475 interesset3
482 1415 520 1462 sc
551 1398 616 1461 iarn
644 1405 709 1461 tum
740 1404 808 1460 erat
839 1393 1091 1461 adolescentulus
1116 1393 1167 1458 his
1194 1393 1306 1459 studiis

148 1556 153 1567 ·
262 1511 392 1577 mirilico
424 1511 555 1578 deditus.
607 1510 658 1577 58.
690 1509 757 1577 lom
782 1530 858 1578 vero
890 1511 929 1577 do
957 1510 1082 1594 legibus
1114 1511 1239 1576 tuendis
1267 1511 1306 1576 de

261 1627 348 1695 hello
376 1627 414 1695 de
440 1647 519 1715 pace
546 1628 584 1693 de
612 1629 709 1695 sociis
736 1628 774 1694 de
801 1626 1010 1713 vectigalibus
1036 1627 1076 1693 de
1103 1629 1170 1693 iure
1193 1629 1307 1694 civium

262 1747 436 1832 generatim
450 1748 483 1813 in
499 1747 625 1818 ordines
639 1755 820 1836 aetatesque
837 1744 993 1835 descripto
1004 1744 1169 1813 dicantrel
1180 1743 1311 1823 Graeci.

272 2044 275 2049 .
296 2050 298 2053 .
331 2003 390 2067 67.
425 2003 484 2072 bis]
503 2007 542 2059 iis
559 2002 611 2074 Ing.
625 2002 667 2060 17.
679 2001 721 2059 23.
734 2003 776 2058 65.
789 2001 831 2058 70.
844 2001 885 2057 73.
905 2000 952 2055 bis
970 2001 1006 2054 de
1020 2000 1108 2055 rebus
1125 2001 1177 2056 Gu.
1191 2002 1216 2056 1.
1230 2001 1254 2056 2.
1271 2029 1307 2043 -

263 2085 399 2141 omuibus
409 2093 472 2140 ente
483 2092 516 2142 iu
526 2089 606 2141 eiecit
615 2087 728 2152 Lumb.;
749 2104 829 2156 quern
842 2088 954 2156 sequor,'
966 2102 1026 2138 curn
1036 2086 1131 2139 inutile
1143 2085 1315 2138 vocabulum·

262 2171 334 2225 absit
351 2189 369 2223 a
386 2169 437 2225 Gn.
456 2172 481 2226 1.
500 2172 525 2227 3.
545 2180 574 2225 et
589 2170 641 2242 Lg.
662 2172 787 2226 omnibus
807 2180 918 2242 praeter
936 2172 961 2224 t.
982 2170 1024 2225 69.
1043 2197 1079 2211 -
1101 2169 1177 2224 illud
1195 2171 1306 2238 tamen]

262 2257 319 2310 lnv.
338 2254 380 2310 81.
399 2281 435 2298 —
460 2257 575 2324 eadem]
595 2273 630 2309 ea
650 2256 702 2310 Gu.
715 2257 740 2310 1.
759 2285 795 2296 --
817 2255 1030 2326 easartqut‘que]
1049 2255 1088 2308 sie
1106 2253 1157 2324 ng.
1176 2253 1200 2308 2.
1219 2255 1306 2329 4.,13.

264 2338 305 2394 23.
324 2338 366 2394 32.
385 2339 428 2393 36.
447 2339 489 2394 69.
525 2340 657 2409 Plerique
673 2344 852 2410 acriquoque,
872 2348 948 2393 utet
966 2338 1037 2394 Vict.
1057 2339 1109 2394 Gu.
1126 2340 1151 2393 1.
1170 2338 1195 2393 2.
1227 2337 1308 2392 Viam

263 2425 457 2493 corrumpendi
475 2424 603 2479 vocabuli
619 2432 753 2478 monstret
771 2427 928 2495 cuiquique
945 2425 973 2476 in
991 2422 1042 2477 Gu.
1052 2423 1078 2478 3.
1095 2452 1132 2463 -
1158 2427 1308 2495 qraoitaie

263 2514 293 2561 et
312 2508 382 2575 tua]
410 2508 466 2562 inu.
489 2507 540 2579 Ing.
559 2509 585 2566 3.
606 2508 693 2565 ult.
713 2508 755 2563 17.
774 2508 817 2563 26.
836 2509 879 2565 32.
896 2507 939 2562 36,
960 2508 1003 2563 67.
1021 2506 1064 2562 81.
1083 2537 1119 2548 κ-
1150 2510 1214 2580 eqo]
1236 2526 1310 2579 erqo.

263 2590 315 2667 Gn.
332 2592 357 2645 3.
395 2593 468 2660 tum]
494 2609 547 2646 orn.
569 2591 620 2662 ng.
643 2591 668 2647 2.
692 2593 717 2646 3.
741 2593 783 2647 13.
805 2592 848 2647 23.
868 2592 903 2644 32
921 2592 983 2647 add.
1008 2591 1051 2647 36.
1070 2591 1112 2646 67.
1131 2592 1166 2645 69
1185 2593 1247 2647 add.
1268 2590 1305 2648 U.

262 2693 329 2730 aum
346 2675 387 2730 26.
399 2675 441 2732 81.
456 2704 490 2718 —-
515 2675 708 2746 disserebam]
727 2675 893 2731 disserebat
911 2676 962 2729 Gu.
973 2676 997 2732 3.
1017 2675 1207 2748 disputabam
1224 2675 1258 2730 U.
1271 2703 1306 2718 »-

263 2765 293 2829 ei
311 2760 456 2831 profecto]
477 2764 530 2829 qui
542 2778 590 2832 pr.
613 2760 683 2814 Har.
702 2759 727 2815 2.
753 2760 805 2815 Gu.
823 2759 849 2815 2.
873 2760 923 2830 Lg.
944 2759 969 2815 3.
990 2762 1014 2816 5.
1035 2761 1059 2816 6.
1079 2761 1121 2815 16.
1140 2761 1182 2815 17.
1201 2761 1241 2815 21.
1260 2759 1305 2816 23.

262 2843 305 2897 ut.
324 2842 427 2911 3665,
445 2843 488 2899 67.
507 2843 548 2898 70.
567 2843 608 2897 73.
626 2843 670 2899 81.
687 2842 730 2899 84.
748 2844 791 2898 86.
810 2844 849 2897 ito
865 2861 935 2897 corr.
948 2843 991 2899 32.
1009 2875 1045 2885 —-
1069 2861 1106 2898 ac
1122 2845 1195 2912 tam]
1215 2849 1306 2899 etiam

176 2967 180 2973 ·
263 2923 314 2996 Lg.
334 2926 376 2981 69.
394 2926 437 2981 93.
455 2927 494 2967 -’
518 2927 594 2994 tum]
616 2932 682 2979 eum
700 2926 751 2998 Lg.
771 2927 796 2982 2.
817 2927 859 2983 26.
878 2927 913 2981 32
931 2946 1001 2983 corr.
1019 2927 1062 2984 69.
1080 2958 1116 2969 -
1137 2929 1305 2983 adolescen-

264 3010 355 3080 tulus]
376 3011 455 3067 adal.
477 3010 528 3084 Lg.
548 3009 590 3065 65.
611 3009 652 3066 73.
671 3009 715 3064 84.
1202 3005 1206 3010 ’

349 3145 392 3201 56.
427 3144 507 3211 uero]
530 3159 590 3197 aaa
611 3143 662 3200 Gn.
680 3147 706 3200 3.
725 3173 761 3187 κ-
791 3147 919 3214 tuertdis]
941 3148 1039 3217 scripsi
1059 3164 1095 3201 ex
1111 3146 1147 3201 U.
1167 3148 1197 3202 Z.
1218 3146 1308 3218 Lg.2

262 3246 290 3286 v.
308 3246 335 3284 u.
354 3238 373 3283 t.
392 3231 417 3283 l.
434 3228 477 3282 13.
496 3227 531 3279 32
549 3245 620 3283 corr.
643 3229 686 3284 36.
705 3230 740 3283 69
759 3248 831 3286 corr.
856 3231 907 3285 Gu.
926 3231 951 3286 3.
975 3231 1134 3296 Ει·1..1.2.;
1159 3232 1233 3300 quod
1251 3248 1328 3284 uon·

261 3315 349 3367 minus
374 3320 466 3381 aptum
485 3313 521 3365 ad
538 3329 623 3383 genus
642 3315 799 3367 suasionum
820 3323 848 3367 et
867 3315 1074 3370 dissuasionurn.
1110 3314 1199 3386 Vulgo
1220 3319 1307 3369 iasti-

263 3396 390 3451 taeadis.
407 3425 444 3437 —-
470 3396 506 3450 ele
522 3398 625 3464 sociis]
647 3405 677 3451 et
694 3397 731 3450 de
747 3414 806 3452 soe.
824 3397 876 3468 Lg.
895 3398 929 3452 21
947 3416 1018 3454 corr.
1040 3401 1077 3452 de
1094 3417 1146 3453 om.
1159 3399 1216 3469 ug.
1234 3399 1260 3453 2.
1280 3399 1322 3455 3.,

262 3479 366 3534 1332.
385 3480 420 3534 36
439 3480 501 3535 add.
528 3481 571 3537 67.
590 3481 632 3536 69.
656 3481 726 3536 vict.
747 3481 799 3537 Gn.
820 3482 844 3535 3.
865 3482 901 3538 U.
926 3511 963 3524 —-
997 3485 1034 3536 de
1056 3484 1170 3554 nectiq]
1196 3483 1233 3536 tle
1253 3500 1308 3538 om.

264 3563 336 3619 vict.
356 3563 408 3620 Gn.
426 3566 451 3620 3.
470 3565 507 3621 U.
526 3593 561 3606 -
594 3567 712 3634 ciuium]
736 3567 809 3619 unde
830 3566 909 3620 ciuili
928 3567 963 3620 ab
982 3568 1133 3622 editoribus
1150 3567 1309 3620 recentiori-

261 3642 317 3723 bus
329 3658 468 3719 repertum
485 3650 520 3701 sit
537 3666 593 3702 nou
613 3650 768 3720 perspiciet
795 3651 847 3703 nisi
869 3651 944 3721 quod
967 3652 1006 3704 ita
1023 3652 1095 3706 vict.
1116 3668 1134 3703 a
1151 3668 1205 3704 sec.
1224 3667 1259 3705 m.
1280 3660 1309 3704 et

262 3732 349 3786 (16.2.
377 3733 428 3785 Est
447 3741 538 3786 nutem
555 3732 637 3802 plene
656 3750 830 3803 perversum:
848 3750 876 3789 v.
894 3735 1101 3805 explicationes.
1119 3764 1155 3773 —
1177 3740 1308 3793 aetates-

262 3816 330 3885 que]
355 3818 502 3885 statisque
525 3814 575 3886 Lg.
594 3816 612 3868 2
631 3834 701 3872 corr.
728 3816 816 3871 613.
835 3819 877 3872 17.
896 3818 937 3873 26.
957 3819 1001 3873 21.
1017 3819 1060 3874 35.
1081 3817 1122 3872 36.
1143 3816 1186 3872 65.
1203 3818 1246 3872 73.
1263 3818 1320 3886 84„

262 3900 374 3950 aetatis
391 3897 443 3950 23.ι
465 3915 501 3951 ac
518 3905 633 3952 aetates
653 3900 695 3955 32.
726 3917 764 3954 aa
782 3909 954 3973 aetatesque
970 3902 1014 3956 69.
1033 3933 1068 3942 -
1102 3905 1131 3955 st·
1146 3901 1262 3970 aulum]
1280 3905 1310 3956 si

263 3995 316 4033 om.
336 3978 387 4032 Gn.
401 3979 426 4031 3.
444 4008 480 4020 -
505 3985 687 4050 quanquam]
709 3984 833 4054 plerique
851 4002 903 4054 per
919 4003 976 4050 m.;
994 3986 1061 4039 illud
1077 3984 1127 4058 ug.
1146 3985 1189 4040 16.
1204 3986 1245 4039 73.
1263 3985 1306 4039 86.

263 4064 407 4133 quoniam
424 4061 448 4118 2.
467 4063 508 4118 13.
529 4063 572 4121 36.
589 4063 632 4120 69.
653 4064 690 4121 U.
717 4083 809 4137 quam
826 4067 861 4122 32
879 4085 949 4125 corr.
966 4097 1001 4137 -ς
1036 4068 1245 4141 eloqueqttum]
1266 4069 1311 4124 lo·
