2968 4596
403 373 464 442 DE
493 370 722 443 ott-Arosis
749 372 875 443 LIBER
895 373 919 443 i.
940 374 995 444 91.
1159 370 1227 449 ’38

169 547 365 636 repositum
388 538 490 632 atqne'
506 554 628 611 natura.
671 534 814 629 putige
835 545 935 624 enim,
958 550 1106 631 quantum
1128 561 1229 630 angn-

179 686 236 733 ror
264 658 444 732 coniectura
477 674 655 751 quantaque
685 658 815 747 ingenia
846 665 880 728 in
905 663 1023 729 nostris
1049 661 1229 730 hominihus

179 804 249 850 esse
269 785 379 861 video,
407 802 474 848 non
501 781 634 869 despero
656 781 724 846 iore
748 778 885 866 aliquem
910 778 1093 866 aliquande,
1121 780 1175 867 qui
1196 789 1228 848 et

173 902 276 968 studio
306 903 447 977 acriore.
482 917 576 986 quarn
602 918 662 965 nes
693 917 799 964 sumus
826 907 918 984 etque
945 897 1073 976 inimus,
1105 908 1136 964 et
1162 899 1228 966 otiu

175 1038 215 1085 ae
237 1018 389 1086 facultate
409 1017 554 1082 discendi
570 1017 691 1082 maiore
714 1035 753 1082 ae
768 1017 937 1082 maturiore
960 1025 991 1081 et
1007 1012 1119 1082 labere
1135 1026 1227 1104 ntqns

173 1129 331 1203 industria
368 1137 531 1222 superiore
568 1140 661 1220 quem
693 1154 728 1200 se
763 1133 805 1200 sd
841 1133 1029 1199 audiendum
1061 1132 1229 1218 legendum

175 1253 438 1339 seribendumque
459 1252 589 1330 dederit,
611 1253 743 1317 exsistat
764 1251 838 1317 talis
854 1261 970 1329 orator,
992 1250 1117 1337 qualem
1133 1268 1230 1337 quae·

173 1374 289 1445 rimus,
318 1373 372 1457 qui
398 1372 466 1435 inre
488 1390 552 1435 non
573 1370 674 1435 solum
697 1370 847 1447 disertus,
878 1369 936 1435 sed
958 1371 1053 1436 etiarn
1075 1368 1230 1456 eloquens

176 1490 243 1556 dici
268 1491 397 1578 possitp
420 1489 473 1574 qui
503 1498 608 1553 tamen
639 1506 713 1553 mea
744 1486 899 1553 sententia
929 1496 983 1554 aut
1008 1486 1059 1553 hic
1090 1497 1139 1554 est
1164 1488 1230 1554 iant

175 1607 317 1672 Crassus
347 1615 413 1683 aut,
440 1606 469 1671 si
495 1606 565 1705 quis
591 1607 661 1692 pari
690 1603 784 1669 fuerit
810 1605 938 1688 ingenie
959 1604 1110 1691 pluraque
1137 1623 1230 1691 quant
1269 1627 1273 1634 ·

147 1746 151 1749 ’
173 1714 234 1791 hic
255 1734 287 1788 et
309 1722 440 1789 audierit
459 1733 490 1789 et
509 1724 659 1812 lectitarit
679 1730 711 1786 et
733 1721 904 1808 scripserit,
925 1720 1051 1808 paulum
1072 1720 1146 1787 huic
1169 1720 1231 1788 sli-
1303 1732 1306 1739 ⁴

182 1840 261 1936 qnid
282 1841 393 1928 peterit
418 1828 544 1908 addere.
587 1840 640 1908 99.
666 1838 735 1907 iinc
755 1837 829 1905 ioco
851 1817 1029 1926 Suipieius,
1058 1835 1232 1927 insperanti

179 2092 212 2146 Z.
230 2093 255 2160 β’.
273 2090 322 2164 Lg.
340 2092 465 2146 omnibus
474 2099 593 2163 praeter
609 2088 652 2145 91.
671 2088 713 2143 94.
731 2087 774 2144 85.
792 2088 863 2144 Vict.
879 2089 931 2144 Gn.
945 2088 970 2145 3.
985 2118 1021 2134 -
1039 2096 1110 2146 aitte
1126 2089 1231 2164 quaml

178 2175 228 2248 ὑφ’
248 2178 279 2232 ἓν
298 2176 561 2249 Lg.vl1,1quorum
576 2176 621 2230 95.
640 2173 681 2229 79.
700 2176 742 2228 73.
752 2174 802 2253 179.
813 2203 850 2215 -
867 2174 1053 2251 discendum]
1072 2177 1232 2232 dteendum

179 2261 229 2334 Lg.
249 2263 343 2333 optinui
362 2262 388 2314 9.
407 2261 432 2316 3.
452 2262 470 2314 4
488 2277 560 2315 eurr.
582 2261 622 2314 13.
640 2259 682 2314 99.
700 2259 743 2314 93.
761 2259 796 2313 39
813 2277 884 2315 cerr.
902 2261 945 2316 39.
963 2262 1006 2317 97.
1028 2263 1067 2320 79.
1087 2262 1122 2317 st
1138 2262 1169 2317 Ζ.
1187 2278 1229 2334 pr.

177 2364 214 2401 m.
232 2346 277 2401 hic
295 2347 442 2400 manifesto
461 2362 565 2398 errore.
582 2374 617 2385 -
639 2344 755 2416 sumus]
772 2348 867 2399 etmus
884 2346 934 2418 Lg.
952 2346 995 2403 84.
1015 2346 1111 2418 Stepir.
1128 2346 1200 2401 iuni.

268 2431 314 2485 95.
352 2428 447 2497 enim]
474 2435 575 2481 autem
598 2428 648 2500 Lg.
673 2429 715 2486 93.
739 2450 776 2473 ⁶-
811 2431 955 2502 aupuror]
984 2448 1038 2486 em.
1066 2431 1119 2486 Gn.
1148 2431 1171 2500 1.
1196 2456 1234 2472 ·-

128 2552 135 2562 .
180 2517 300 2568 nestris
319 2511 413 2581 hom]
431 2513 487 2565 inv.
505 2511 578 2566 Vict.
591 2540 627 2554 —-
644 2515 804 2585 aliquando
823 2514 966 2584 aliqum]
983 2515 1044 2570 inv.‘
1058 2514 1110 2585 Lg.
1128 2513 1171 2568 99.
1189 2512 1234 2570 93.

64 2588 70 2599 ’
181 2599 282 2652 alium
303 2615 330 2668 p.
352 2595 481 2666 aliquem
496 2596 568 2651 Vict.
590 2623 626 2638 —·
657 2599 785 2670 uertere]
809 2597 989 2669 acriori'ing.
1008 2597 1052 2652 93.
1087 2601 1235 2651 acriorem

143 2670 145 2676 ¹
176 2685 214 2739 84
235 2700 307 2737 corr.
332 2711 370 2723 —-
396 2688 485 2752 atque
499 2681 540 2753 fi]
563 2699 600 2736 ac
621 2682 671 2755 Ing.
692 2685 732 2740 17.
751 2684 793 2740 99.
831 2700 868 2737 ac
885 2687 978 2737 ettam
997 2682 1059 2753 fac.
1084 2682 1136 2738 Gn.
1155 2680 1181 2736 3.
1199 2707 1235 2723 ·-

181 2766 338 2838 discendi]
366 2767 489 2822 dicendi
508 2767 559 2839 ug.
582 2770 606 2823 4.
629 2769 654 2824 ii.
682 2769 722 2825 17.
748 2768 791 2824 93.
808 2797 845 2826 -τ
876 2774 906 2822 et
929 2766 1041 2839 labore]
1065 2775 1154 2838 atque
1175 2763 1233 2824 tat.

182 2853 235 2908 Gu.
255 2853 296 2908 81.
310 2882 347 2892 -
366 2860 455 2923 atque
473 2852 614 2924 dedaste]
637 2861 667 2907 et
685 2854 746 2909 itud.
766 2853 817 2927 Lg.
832 2854 922 2910 93.-
942 2853 1042 2926 quom]
1060 2855 1100 2908 sic
1116 2853 1235 2908 vtes-

181 2938 364 2992 audiendum
396 2937 562 3017 Iepepdum]
595 2939 651 2993 inv.
678 2939 751 2994 Vict.
804 2939 1002 2994 sortiendum*
1025 2939 1236 3012 dependumpue

181 3022 233 3094 Lg.
254 3023 296 3076 89.
308 3053 343 3063 -
365 3022 498 3093 dederit]
519 3025 559 3077 sie
575 3023 638 3078 Pei.
658 3024 684 3078 9.
704 3024 759 3078 due
776 3024 918 3092 Lambini,
937 3025 1027 3081 ann.
1049 3025 1070 3080 1.
1091 3024 1117 3077 9.
1141 3024 1193 3078 Gu.
1209 3022 1234 3079 l.

164 3108 206 3163 ’9.
228 3109 254 3161 n.
273 3107 303 3161 Z.
328 3106 388 3161 Eri.
400 3100 430 3161 i.
449 3107 474 3160 9.
500 3106 559 3161 Eri.
577 3106 629 3178 Lg.
649 3125 759 3175 ornnes,
778 3110 839 3164 edd.
860 3110 1001 3181 antiquiss.
1021 3108 1117 3180 Steph.
1136 3107 1234 3167 Lami.

182 3192 248 3247 Scin.
267 3192 351 3248 Henr.
390 3191 542 3245 dediderit
558 3192 621 3246 Pal.
643 3193 666 3246 1.
686 3214 711 3248 α.
727 3200 753 3262 β.
775 3215 801 3263 y.
817 3213 839 3249 ε.
859 3204 886 3248 et
903 3195 987 3266 vulgo
1005 3203 1068 3266 pest
1084 3194 1146 3248 Aid.
1165 3192 1235 3246 iuni.

183 3278 256 3331 Ante
273 3277 327 3330 iroc
345 3277 456 3330 additur
471 3280 589 3330 maiore
607 3293 698 3350 opera
717 3278 744 3332 in
758 3279 848 3335 iiuvn.
867 3280 889 3334 l.
905 3279 929 3334 9.
949 3299 974 3334 α.
987 3286 1012 3348 pi.
1025 3279 1088 3350 y-d.
1099 3295 1120 3333 ε.
1141 3276 1194 3331 Gn.
1207 3274 1235 3331 9.

182 3360 234 3433 ng.
253 3360 402 3431 plerisque,
419 3370 532 3431 praeter
549 3362 574 3414 4.
595 3361 635 3415 13.
654 3363 696 3416 39.
711 3362 754 3418 39.
786 3368 818 3418 tn
834 3368 905 3419 mat.
926 3381 971 3436 op.
990 3362 1042 3417 Gtt.
1062 3363 1085 3418 1.
1099 3389 1135 3404 ν-
1155 3363 1235 3415 etesi-

183 3444 260 3515 stat]
281 3449 396 3499 existat
412 3444 463 3515 ing.
484 3463 580 3499 omnes
597 3463 638 3517 pr.
652 3447 677 3502 3.
692 3448 718 3501 5.
730 3477 766 3490 -
778 3448 893 3522 possit]
908 3453 1011 3520 posset
1027 3446 1078 3518 ug.
1095 3444 1121 3499 9.
1135 3446 1179 3500 97.
1191 3445 1235 3500 84.

182 3528 235 3583 Gu.
251 3530 278 3582 9.
295 3529 321 3582 3.
343 3557 380 3570 —-
410 3527 460 3582 itio
478 3535 523 3582 est
541 3533 603 3596 ium
623 3530 762 3603 Crassus]
783 3539 837 3586 aut
854 3538 916 3588 iam
936 3530 1048 3586 ltieest
1068 3530 1114 3585 Cr.
1138 3530 1191 3584 Gn.
1210 3531 1236 3584 1.

182 3613 234 3686 Lg.
253 3614 297 3669 81.
315 3613 357 3668 84,
394 3612 444 3668 ieie
463 3621 509 3668 est
530 3614 575 3672 Gr.
598 3619 660 3670 iam
679 3616 751 3671 Vict.
778 3624 823 3671 est
846 3622 909 3671 iam
932 3616 980 3670 ieie
1000 3615 1046 3670 Gr.
1069 3614 1119 3687 Lg.
1139 3614 1182 3669 99.
1200 3638 1237 3657 -·-

176 3702 295 3771 pari—-
308 3697 439 3770 inpendo]
461 3700 517 3754 inv.
535 3699 586 3771 Lg.
606 3701 646 3755 14.
661 3700 702 3753 15.
714 3700 757 3755 99.
772 3702 815 3756 99.
827 3702 870 3755 93.
892 3719 954 3784 par
969 3702 1012 3756 84.
1022 3729 1058 3742 -
1077 3697 1237 3770 lectitarit]

183 3782 364 3851 leetttavertt
380 3782 431 3854 Lg.
445 3786 469 3838 4.
488 3783 530 3838 93,
542 3812 578 3825 -
594 3784 735 3858 paulum]
755 3787 795 3839 sic
813 3803 867 3840 nno
887 3787 899 3840 l
916 3786 967 3858 ug.
986 3801 1080 3839 omnes
1098 3801 1140 3856 pr.
1154 3785 1180 3837 5.
1192 3782 1237 3838 99.

181 3868 209 3921 in
228 3869 276 3921 iiio
296 3877 338 3922 est
355 3867 523 3940 paululum,
543 3878 572 3922 ut
589 3870 618 3922 in
631 3869 684 3923 Gu.
699 3870 722 3923 l.
735 3871 761 3924 9.
779 3871 851 3925 vict.
862 3899 899 3912 ··-
921 3869 1004 3941 huie]
1024 3868 1080 3924 ltttu
1098 3869 1151 3923 Gn.
1163 3866 1238 3921 3.·-

99 3956 102 3963 “
178 3952 308 4024 potertt]
330 3957 446 4024 eportet
464 3951 516 4005 Gn.
535 3953 561 4007 9.
779 4016 782 4021 .

225 4062 229 4066 ⁴
268 4037 313 4091 99.
348 4035 441 4100 milti,
461 4036 572 4108 inquit]
592 4038 649 4092 inv.
666 4037 718 4109 Lg.
736 4039 762 4093 3.
782 4041 807 4092 4.
827 4039 867 4092 13.
886 4038 929 4092 39.
948 4038 990 4092 97.
1016 4037 1068 4090 Gu.
1087 4034 1112 4087 3.
1129 4061 1166 4075 -
1191 4051 1238 4086 ee·

181 4120 405 4194 5131955999
421 4121 475 4192 Lg.
491 4121 532 4173 17.
558 4122 672 4175 accidit
688 4121 730 4175 79.
743 4151 780 4162 —-
797 4117 1021 4183 delaberemtnt]
1040 4114 1130 4166 dtlab.
1148 4112 1239 4174 lup-3.

181 4205 226 4260 99.
236 4205 280 4260 35.
291 4206 336 4260 97.
354 4213 491 4278 perpetuu
504 4203 676 4257 confusione.
686 4231 721 4245 ν-
740 4201 810 4269 tue]
828 4201 897 4254 huic
913 4197 1048 4251 (31.3.-
1065 4184 1241 4251 secundum]

1004 4293 1026 4351 5

854 4553 1319 4590 „nd”
1160 4552 1175 4555 Λ
