<?xml version="1.0" encoding="UTF-8"?>
<!DOCTYPE html PUBLIC "-//W3C//DTD XHTML 1.0 Transitional//EN"
    "http://www.w3.org/TR/xhtml1/DTD/xhtml1-transitional.dtd">
<html xmlns="http://www.w3.org/1999/xhtml" xml:lang="en" lang="en">
 <head>
  <title>
</title>
<meta http-equiv="Content-Type" content="text/html;charset=utf-8" />
  <meta name='ocr-system' content='tesseract 3.04.00' />
  <meta name='ocr-capabilities' content='ocr_page ocr_carea ocr_par ocr_line ocrx_word'/>
</head>
<body>
  <div class='ocr_page' id='page_1' title='image "./mtulliciceronis00ellegoog/mtulliciceronis00ellegoog_0396.png"; bbox 0 0 2938 4590; ppageno 0'>
   <div class='ocr_carea' id='block_1_1' title="bbox 238 280 1200 410">
    <p class='ocr_par' dir='ltr' id='par_1_1' title="bbox 238 280 1200 410">
     <span class='ocr_line' id='line_1_1' title="bbox 238 280 1200 410; baseline -0.006 -4"><span class='ocrx_word' id='word_1_1' title='bbox 238 324 241 330; x_wconf 79' lang='grc'><strong>’</strong></span> <span class='ocrx_word' id='word_1_2' title='bbox 270 400 275 406; x_wconf 81' lang='grc'>,</span> <span class='ocrx_word' id='word_1_3' title='bbox 375 335 433 402; x_wconf 85' lang='lat' dir='ltr'><strong>nr</strong></span> <span class='ocrx_word' id='word_1_4' title='bbox 462 280 975 404; x_wconf 63' lang='lat' dir='ltr'><strong>momenmentum.</strong></span> <span class='ocrx_word' id='word_1_5' title='bbox 1079 290 1200 410; x_wconf 58' lang='lat' dir='ltr'><strong>&#39;m</strong></span> 
     </span>
    </p>
   </div>
   <div class='ocr_carea' id='block_1_2' title="bbox 144 474 1203 1888">
    <p class='ocr_par' dir='ltr' id='par_1_2' title="bbox 144 474 1201 1300">
     <span class='ocr_line' id='line_1_2' title="bbox 147 474 1199 592; baseline -0.003 -17"><span class='ocrx_word' id='word_1_6' title='bbox 147 511 252 575; x_wconf 85' lang='lat' dir='ltr'><strong>Immo</strong></span> <span class='ocrx_word' id='word_1_7' title='bbox 273 518 365 580; x_wconf 81' lang='lat' dir='ltr'><strong>uero,</strong></span> <span class='ocrx_word' id='word_1_8' title='bbox 393 496 505 592; x_wconf 77' lang='lat' dir='ltr'><strong>inquit,</strong></span> <span class='ocrx_word' id='word_1_9' title='bbox 528 474 610 587; x_wconf 33' lang='lat' dir='ltr'><strong>&#39;quid</strong></span> <span class='ocrx_word' id='word_1_10' title='bbox 633 523 711 587; x_wconf 76' lang='lat' dir='ltr'><strong>opatu</strong></span> <span class='ocrx_word' id='word_1_11' title='bbox 733 505 796 587; x_wconf 77' lang='lat' dir='ltr'><strong>[uit</strong></span> <span class='ocrx_word' id='word_1_12' title='bbox 818 505 874 570; x_wconf 73' lang='lat' dir='ltr'><strong>te?</strong></span> <span class='ocrx_word' id='word_1_13' title='bbox 902 513 955 569; x_wconf 85' lang='lat' dir='ltr'><strong>aut</strong></span> <span class='ocrx_word' id='word_1_14' title='bbox 980 503 1121 570; x_wconf 82' lang='lat' dir='ltr'><strong>eiusdem</strong></span> <span class='ocrx_word' id='word_1_15' title='bbox 1147 526 1199 572; x_wconf 90' lang='lat' dir='ltr'><strong>re-</strong></span> 
     </span>
     <span class='ocr_line' id='line_1_3' title="bbox 151 605 1197 712; baseline -0.001 -22"><span class='ocrx_word' id='word_1_16' title='bbox 151 627 281 712; x_wconf 85' lang='lat' dir='ltr'><strong>sponsio</strong></span> <span class='ocrx_word' id='word_1_17' title='bbox 304 624 378 689; x_wconf 89' lang='lat' dir='ltr'><strong>iila:</strong></span> <span class='ocrx_word' id='word_1_18' title='bbox 412 623 449 689; x_wconf 81' lang='lat' dir='ltr'><strong>St</strong></span> <span class='ocrx_word' id='word_1_19' title='bbox 471 635 505 689; x_wconf 91' lang='lat' dir='ltr'><strong>tu</strong></span> <span class='ocrx_word' id='word_1_20' title='bbox 530 634 559 687; x_wconf 88' lang='lat' dir='ltr'><strong>et</strong></span> <span class='ocrx_word' id='word_1_21' title='bbox 580 605 731 687; x_wconf 72' lang='lat' dir='ltr'><strong>adversus</strong></span> <span class='ocrx_word' id='word_1_22' title='bbox 757 633 786 687; x_wconf 83' lang='lat' dir='ltr'><strong>et</strong></span> <span class='ocrx_word' id='word_1_23' title='bbox 808 640 937 686; x_wconf 80' lang='lat' dir='ltr'><strong>auersus</strong></span> <span class='ocrx_word' id='word_1_24' title='bbox 953 624 1134 704; x_wconf 75' lang='lat' dir='ltr'><strong>impudicus</strong></span> <span class='ocrx_word' id='word_1_25' title='bbox 1156 643 1197 689; x_wconf 84' lang='lat' dir='ltr'><strong>eo.</strong></span> 
     </span>
     <span class='ocr_line' id='line_1_4' title="bbox 150 738 1199 827; baseline -0.001 -19"><span class='ocrx_word' id='word_1_26' title='bbox 150 743 226 809; x_wconf 78' lang='grc'><strong>337.</strong></span> <span class='ocrx_word' id='word_1_27' title='bbox 252 741 356 807; x_wconf 87' lang='lat' dir='ltr'><strong>Etiam</strong></span> <span class='ocrx_word' id='word_1_28' title='bbox 382 742 594 827; x_wconf 71' lang='lat' dir='ltr'>interpretatio</span> <span class='ocrx_word' id='word_1_29' title='bbox 619 740 754 806; x_wconf 90' lang='lat' dir='ltr'><strong>nominis</strong></span> <span class='ocrx_word' id='word_1_30' title='bbox 776 738 872 804; x_wconf 88' lang='lat' dir='ltr'><strong>habet</strong></span> <span class='ocrx_word' id='word_1_31' title='bbox 893 759 1039 817; x_wconf 80' lang='lat' dir='ltr'>acumen,</span> <span class='ocrx_word' id='word_1_32' title='bbox 1066 742 1199 807; x_wconf 78' lang='lat' dir='ltr'><strong>eumad</strong></span> 
     </span>
     <span class='ocr_line' id='line_1_5' title="bbox 148 856 1200 944; baseline 0 -18"><span class='ocrx_word' id='word_1_33' title='bbox 148 860 317 927; x_wconf 81' lang='lat' dir='ltr'><strong>ridiculum</strong></span> <span class='ocrx_word' id='word_1_34' title='bbox 333 870 498 926; x_wconf 79' lang='lat' dir='ltr'><strong>convertas</strong></span> <span class='ocrx_word' id='word_1_35' title='bbox 515 877 607 944; x_wconf 87' lang='lat' dir='ltr'><strong>quam</strong></span> <span class='ocrx_word' id='word_1_36' title='bbox 624 856 664 922; x_wconf 93' lang='lat' dir='ltr'><strong>ob</strong></span> <span class='ocrx_word' id='word_1_37' title='bbox 680 877 746 922; x_wconf 86' lang='lat' dir='ltr'><strong>rem</strong></span> <span class='ocrx_word' id='word_1_38' title='bbox 770 858 814 922; x_wconf 86' lang='lat' dir='ltr'><strong>itu</strong></span> <span class='ocrx_word' id='word_1_39' title='bbox 835 859 906 943; x_wconf 85' lang='lat' dir='ltr'><strong>quis</strong></span> <span class='ocrx_word' id='word_1_40' title='bbox 920 868 1064 935; x_wconf 58' lang='lat' dir='ltr'><strong>vocentur:</strong></span> <span class='ocrx_word' id='word_1_41' title='bbox 1088 869 1121 924; x_wconf 94' lang='lat' dir='ltr'><strong>ut</strong></span> <span class='ocrx_word' id='word_1_42' title='bbox 1138 879 1200 944; x_wconf 83' lang='lat' dir='ltr'><strong>ego</strong></span> 
     </span>
     <span class='ocr_line' id='line_1_6' title="bbox 144 971 1200 1064; baseline -0.001 -21"><span class='ocrx_word' id='word_1_43' title='bbox 144 998 253 1064; x_wconf 84' lang='lat' dir='ltr'><strong>nuper</strong></span> <span class='ocrx_word' id='word_1_44' title='bbox 273 976 447 1043; x_wconf 86' lang='lat' dir='ltr'><strong>Nummium</strong></span> <span class='ocrx_word' id='word_1_45' title='bbox 474 977 657 1053; x_wconf 82' lang='lat' dir='ltr'><strong>divisorem,</strong></span> <span class='ocrx_word' id='word_1_46' title='bbox 681 983 714 1039; x_wconf 89' lang='lat' dir='ltr'><strong>ut</strong></span> <span class='ocrx_word' id='word_1_47' title='bbox 734 971 970 1061; x_wconf 85' lang='lat' dir='ltr'><strong>Neoptolemum</strong></span> <span class='ocrx_word' id='word_1_48' title='bbox 997 976 1037 1041; x_wconf 85' lang='lat' dir='ltr'><strong>ad</strong></span> <span class='ocrx_word' id='word_1_49' title='bbox 1060 974 1200 1055; x_wconf 82' lang='lat' dir='ltr'><strong>Troiam,</strong></span> 
     </span>
     <span class='ocr_line' id='line_1_7' title="bbox 153 1092 1201 1181; baseline -0.002 -18"><span class='ocrx_word' id='word_1_50' title='bbox 153 1098 201 1163; x_wconf 78' lang='lat' dir='ltr'><strong>oie</strong></span> <span class='ocrx_word' id='word_1_51' title='bbox 224 1095 312 1161; x_wconf 86' lang='lat' dir='ltr'><strong>ilium</strong></span> <span class='ocrx_word' id='word_1_52' title='bbox 334 1097 368 1161; x_wconf 92' lang='lat' dir='ltr'><strong>in</strong></span> <span class='ocrx_word' id='word_1_53' title='bbox 386 1092 629 1181; x_wconf 86' lang='lat' dir='ltr'><strong>campoMartio</strong></span> <span class='ocrx_word' id='word_1_54' title='bbox 650 1112 764 1159; x_wconf 90' lang='lat' dir='ltr'><strong>nomen</strong></span> <span class='ocrx_word' id='word_1_55' title='bbox 786 1094 955 1159; x_wconf 84' lang='lat' dir='ltr'><strong>iuvenisse.</strong></span> <span class='ocrx_word' id='word_1_56' title='bbox 999 1093 1101 1180; x_wconf 80' lang='lat' dir='ltr'>Atque</span> <span class='ocrx_word' id='word_1_57' title='bbox 1120 1093 1201 1162; x_wconf 86' lang='lat' dir='ltr'><strong>haee</strong></span> 
     </span>
     <span class='ocr_line' id='line_1_8' title="bbox 153 1213 606 1300; baseline -0.007 -21"><span class='ocrx_word' id='word_1_58' title='bbox 153 1215 262 1279; x_wconf 85' lang='lat' dir='ltr'><strong>omnia</strong></span> <span class='ocrx_word' id='word_1_59' title='bbox 281 1213 379 1280; x_wconf 88' lang='lat' dir='ltr'><strong>verbo</strong></span> <span class='ocrx_word' id='word_1_60' title='bbox 402 1215 606 1300; x_wconf 79' lang='lat' dir='ltr'><strong>eontinentur.</strong></span> 
     </span>
    </p>

    <p class='ocr_par' dir='ltr' id='par_1_3' title="bbox 150 1327 1203 1888">
     <span class='ocr_line' id='line_1_9' title="bbox 260 1327 1203 1417; baseline 0.002 -22"><span class='ocrx_word' id='word_1_61' title='bbox 260 1328 373 1396; x_wconf 81' lang='lat' dir='ltr'><strong>inv.</strong></span> <span class='ocrx_word' id='word_1_62' title='bbox 437 1328 541 1417; x_wconf 86' lang='lat' dir='ltr'>Saepe</span> <span class='ocrx_word' id='word_1_63' title='bbox 582 1330 677 1395; x_wconf 91' lang='lat' dir='ltr'><strong>etiam</strong></span> <span class='ocrx_word' id='word_1_64' title='bbox 710 1348 821 1395; x_wconf 86' lang='lat' dir='ltr'><strong>uersus</strong></span> <span class='ocrx_word' id='word_1_65' title='bbox 858 1327 960 1395; x_wconf 84' lang='lat' dir='ltr'>facete</span> <span class='ocrx_word' id='word_1_66' title='bbox 999 1331 1203 1417; x_wconf 82' lang='lat' dir='ltr'><strong>interponitur</strong></span> 
     </span>
     <span class='ocr_line' id='line_1_10' title="bbox 150 1446 1201 1536; baseline 0.001 -21"><span class='ocrx_word' id='word_1_67' title='bbox 150 1458 205 1525; x_wconf 70' lang='lat' dir='ltr'><strong>vel</strong></span> <span class='ocrx_word' id='word_1_68' title='bbox 236 1459 270 1515; x_wconf 88' lang='lat' dir='ltr'><strong>ut</strong></span> <span class='ocrx_word' id='word_1_69' title='bbox 302 1459 350 1515; x_wconf 86' lang='lat' dir='ltr'><strong>est</strong></span> <span class='ocrx_word' id='word_1_70' title='bbox 384 1448 436 1514; x_wconf 86' lang='lat' dir='ltr'><strong>vei</strong></span> <span class='ocrx_word' id='word_1_71' title='bbox 468 1446 627 1535; x_wconf 89' lang='lat' dir='ltr'><strong>paululum</strong></span> <span class='ocrx_word' id='word_1_72' title='bbox 663 1447 859 1522; x_wconf 87' lang='lat' dir='ltr'><strong>immutatus,</strong></span> <span class='ocrx_word' id='word_1_73' title='bbox 897 1457 949 1513; x_wconf 90' lang='lat' dir='ltr'><strong>aut</strong></span> <span class='ocrx_word' id='word_1_74' title='bbox 984 1447 1093 1534; x_wconf 88' lang='lat' dir='ltr'><strong>aliqua</strong></span> <span class='ocrx_word' id='word_1_75' title='bbox 1125 1469 1201 1536; x_wconf 83' lang='lat' dir='ltr'><strong>paru</strong></span> 
     </span>
     <span class='ocr_line' id='line_1_11' title="bbox 151 1562 1202 1653; baseline -0.009 -10"><span class='ocrx_word' id='word_1_76' title='bbox 151 1591 288 1643; x_wconf 78' lang='lat' dir='ltr'><strong>uersus:</strong></span> <span class='ocrx_word' id='word_1_77' title='bbox 325 1577 358 1633; x_wconf 91' lang='lat' dir='ltr'><strong>ut</strong></span> <span class='ocrx_word' id='word_1_78' title='bbox 394 1564 514 1632; x_wconf 85' lang='lat' dir='ltr'><strong>Statius</strong></span> <span class='ocrx_word' id='word_1_79' title='bbox 552 1562 676 1630; x_wconf 86' lang='lat' dir='ltr'><strong>Scauro</strong></span> <span class='ocrx_word' id='word_1_80' title='bbox 712 1562 920 1630; x_wconf 81' lang='lat' dir='ltr'><strong>stomachanti</strong></span> <span class='ocrx_word' id='word_1_81' title='bbox 952 1567 1005 1647; x_wconf 84' lang='lat' dir='ltr'><strong>(ex</strong></span> <span class='ocrx_word' id='word_1_82' title='bbox 1035 1586 1097 1653; x_wconf 83' lang='lat' dir='ltr'><strong>quo</strong></span> <span class='ocrx_word' id='word_1_83' title='bbox 1131 1577 1202 1634; x_wconf 87' lang='lat' dir='ltr'><strong>sunt</strong></span> 
     </span>
     <span class='ocr_line' id='line_1_12' title="bbox 151 1679 1202 1771; baseline -0.003 -17"><span class='ocrx_word' id='word_1_84' title='bbox 151 1713 222 1760; x_wconf 81' lang='lat' dir='ltr'><strong>non</strong></span> <span class='ocrx_word' id='word_1_85' title='bbox 247 1688 338 1764; x_wconf 88' lang='lat' dir='ltr'><strong>nulli,</strong></span> <span class='ocrx_word' id='word_1_86' title='bbox 370 1686 422 1771; x_wconf 86' lang='lat' dir='ltr'><strong>qui</strong></span> <span class='ocrx_word' id='word_1_87' title='bbox 452 1694 538 1749; x_wconf 90' lang='lat' dir='ltr'><strong>tuam</strong></span> <span class='ocrx_word' id='word_1_88' title='bbox 563 1681 668 1766; x_wconf 81' lang='lat' dir='ltr'>legem</span> <span class='ocrx_word' id='word_1_89' title='bbox 702 1679 894 1747; x_wconf 82' lang='lat' dir='ltr'><strong>decivitate</strong></span> <span class='ocrx_word' id='word_1_90' title='bbox 919 1692 1041 1760; x_wconf 84' lang='lat' dir='ltr'><strong>natam,</strong></span> <span class='ocrx_word' id='word_1_91' title='bbox 1073 1682 1202 1764; x_wconf 79' lang='lat' dir='ltr'><strong>Crasse,</strong></span> 
     </span>
     <span class='ocr_line' id='line_1_13' title="bbox 154 1809 296 1888; baseline -0.042 -11"><span class='ocrx_word' id='word_1_92' title='bbox 154 1809 296 1888; x_wconf 62' lang='lat' dir='ltr'><strong>dicam:</strong></span> 
     </span>
    </p>
   </div>
   <div class='ocr_carea' id='block_1_3' title="bbox 141 2015 1223 3198">
    <p class='ocr_par' dir='ltr' id='par_1_4' title="bbox 141 2015 1223 3198">
     <span class='ocr_line' id='line_1_14' title="bbox 155 2015 1203 2098; baseline -0.005 -17"><span class='ocrx_word' id='word_1_93' title='bbox 155 2029 228 2098; x_wconf 86' lang='lat' dir='ltr'><strong>(pro</strong></span> <span class='ocrx_word' id='word_1_94' title='bbox 252 2030 303 2078; x_wconf 71' lang='lat' dir='ltr'><strong>aru</strong></span> <span class='ocrx_word' id='word_1_95' title='bbox 328 2027 362 2076; x_wconf 87' lang='lat' dir='ltr'><strong>ut</strong></span> <span class='ocrx_word' id='word_1_96' title='bbox 385 2020 466 2074; x_wconf 79' lang='lat' dir='ltr'><strong>idem</strong></span> <span class='ocrx_word' id='word_1_97' title='bbox 489 2035 556 2073; x_wconf 84' lang='lat' dir='ltr'><strong>eum</strong></span> <span class='ocrx_word' id='word_1_98' title='bbox 579 2019 715 2086; x_wconf 76' lang='lat' dir='ltr'><strong>cuidam)</strong></span> <span class='ocrx_word' id='word_1_99' title='bbox 741 2015 791 2090; x_wconf 81' lang='lat' dir='ltr'><strong>Lg.</strong></span> <span class='ocrx_word' id='word_1_100' title='bbox 817 2016 842 2073; x_wconf 97' lang='grc'><strong>3.</strong></span> <span class='ocrx_word' id='word_1_101' title='bbox 883 2017 957 2073; x_wconf 81' lang='lat' dir='ltr'><strong>Cato</strong></span> <span class='ocrx_word' id='word_1_102' title='bbox 986 2024 1087 2073; x_wconf 80' lang='lat' dir='ltr'><strong>autem</strong></span> <span class='ocrx_word' id='word_1_103' title='bbox 1110 2019 1203 2077; x_wconf 70' lang='lat' dir='ltr'><strong>tudem</strong></span> 
     </span>
     <span class='ocr_line' id='line_1_15' title="bbox 141 2102 1201 2183; baseline 0.003 -25"><span class='ocrx_word' id='word_1_104' title='bbox 141 2112 207 2183; x_wconf 62' lang='lat' dir='ltr'><strong>⁸Lg,</strong></span> <span class='ocrx_word' id='word_1_105' title='bbox 227 2112 251 2166; x_wconf 86' lang='grc'><strong>5,</strong></span> <span class='ocrx_word' id='word_1_106' title='bbox 274 2108 332 2173; x_wconf 84' lang='grc'><strong>36.;</strong></span> <span class='ocrx_word' id='word_1_107' title='bbox 361 2105 435 2160; x_wconf 83' lang='lat' dir='ltr'><strong>Cato</strong></span> <span class='ocrx_word' id='word_1_108' title='bbox 458 2111 511 2158; x_wconf 83' lang='lat' dir='ltr'><strong>aut</strong></span> <span class='ocrx_word' id='word_1_109' title='bbox 528 2123 562 2157; x_wconf 93' lang='grc'><strong>.·.·</strong></span> <span class='ocrx_word' id='word_1_110' title='bbox 585 2111 638 2158; x_wconf 82' lang='lat' dir='ltr'><strong>aut</strong></span> <span class='ocrx_word' id='word_1_111' title='bbox 656 2105 698 2169; x_wconf 83' lang='lat' dir='ltr'><strong>tt.;</strong></span> <span class='ocrx_word' id='word_1_112' title='bbox 725 2102 798 2157; x_wconf 82' lang='lat' dir='ltr'><strong>Cato</strong></span> <span class='ocrx_word' id='word_1_113' title='bbox 817 2111 857 2157; x_wconf 75' lang='grc' dir='ltr'><strong>ῐῡι</strong></span> <span class='ocrx_word' id='word_1_114' title='bbox 873 2105 1004 2159; x_wconf 75' lang='lat' dir='ltr'><strong>iudicum</strong></span> <span class='ocrx_word' id='word_1_115' title='bbox 1023 2106 1063 2160; x_wconf 93' lang='grc'><strong>14.</strong></span> <span class='ocrx_word' id='word_1_116' title='bbox 1081 2107 1140 2171; x_wconf 86' lang='grc'><strong>67.;</strong></span> <span class='ocrx_word' id='word_1_117' title='bbox 1170 2106 1201 2161; x_wconf 80' lang='lat'><strong>0.</strong></span> 
     </span>
     <span class='ocr_line' id='line_1_16' title="bbox 155 2188 1204 2260; baseline -0.004 -9"><span class='ocrx_word' id='word_1_118' title='bbox 155 2204 258 2251; x_wconf 86' lang='lat' dir='ltr'><strong>autem</strong></span> <span class='ocrx_word' id='word_1_119' title='bbox 276 2194 410 2247; x_wconf 79' lang='lat' dir='ltr'><strong>iudicum</strong></span> <span class='ocrx_word' id='word_1_120' title='bbox 429 2189 469 2244; x_wconf 88' lang='lat'><strong>15.</strong></span> <span class='ocrx_word' id='word_1_121' title='bbox 487 2220 523 2228; x_wconf 93' lang='lat'>—</span> <span class='ocrx_word' id='word_1_122' title='bbox 550 2189 683 2256; x_wconf 75' lang='lat' dir='ltr'><strong>cuidam]</strong></span> <span class='ocrx_word' id='word_1_123' title='bbox 704 2190 827 2258; x_wconf 75' lang='lat' dir='ltr'><strong>puidam</strong></span> <span class='ocrx_word' id='word_1_124' title='bbox 845 2188 895 2260; x_wconf 72' lang='lat' dir='ltr'><strong>ng.</strong></span> <span class='ocrx_word' id='word_1_125' title='bbox 915 2199 1027 2260; x_wconf 84' lang='lat' dir='ltr'><strong>praeter</strong></span> <span class='ocrx_word' id='word_1_126' title='bbox 1041 2192 1067 2244; x_wconf 92' lang='grc'><strong>3.</strong></span> <span class='ocrx_word' id='word_1_127' title='bbox 1088 2192 1130 2246; x_wconf 87' lang='grc'><strong>36.</strong></span> <span class='ocrx_word' id='word_1_128' title='bbox 1149 2192 1204 2260; x_wconf 88' lang='grc'><strong>76.,</strong></span> 
     </span>
     <span class='ocr_line' id='line_1_17' title="bbox 154 2272 1203 2349; baseline -0.005 -13"><span class='ocrx_word' id='word_1_129' title='bbox 154 2284 221 2336; x_wconf 90' lang='lat' dir='ltr'><strong>item</strong></span> <span class='ocrx_word' id='word_1_130' title='bbox 240 2279 292 2333; x_wconf 87' lang='lat' dir='ltr'><strong>Gn.</strong></span> <span class='ocrx_word' id='word_1_131' title='bbox 311 2276 336 2329; x_wconf 89' lang='grc'><strong>3.</strong></span> <span class='ocrx_word' id='word_1_132' title='bbox 359 2307 390 2315; x_wconf 93' lang='grc'>-</span> <span class='ocrx_word' id='word_1_133' title='bbox 419 2272 490 2343; x_wconf 76' lang='lat' dir='ltr'><strong>quid</strong></span> <span class='ocrx_word' id='word_1_134' title='bbox 508 2275 592 2344; x_wconf 75' lang='lat' dir='ltr'><strong>opus]</strong></span> <span class='ocrx_word' id='word_1_135' title='bbox 616 2277 668 2343; x_wconf 78' lang='lat' dir='ltr'><strong>qui</strong></span> <span class='ocrx_word' id='word_1_136' title='bbox 684 2291 756 2345; x_wconf 72' lang='lat' dir='ltr'><strong>opus</strong></span> <span class='ocrx_word' id='word_1_137' title='bbox 779 2272 827 2344; x_wconf 75' lang='lat' dir='ltr'><strong>ng.</strong></span> <span class='ocrx_word' id='word_1_138' title='bbox 846 2273 869 2327; x_wconf 91' lang='grc'><strong>3.</strong></span> <span class='ocrx_word' id='word_1_139' title='bbox 894 2273 935 2328; x_wconf 87' lang='grc'><strong>36.</strong></span> <span class='ocrx_word' id='word_1_140' title='bbox 954 2275 995 2331; x_wconf 85' lang='grc'><strong>86.</strong></span> <span class='ocrx_word' id='word_1_141' title='bbox 1033 2278 1113 2346; x_wconf 82' lang='lat' dir='ltr'><strong>quod</strong></span> <span class='ocrx_word' id='word_1_142' title='bbox 1131 2294 1203 2349; x_wconf 75' lang='lat' dir='ltr'><strong>opus</strong></span> 
     </span>
     <span class='ocr_line' id='line_1_18' title="bbox 155 2356 1205 2425; baseline 0.001 -12"><span class='ocrx_word' id='word_1_143' title='bbox 155 2367 250 2420; x_wconf 69' lang='lat' dir='ltr'><strong>‘MJ-</strong></span> <span class='ocrx_word' id='word_1_144' title='bbox 270 2360 374 2425; x_wconf 77' lang='lat' dir='ltr'><strong>inemo]</strong></span> <span class='ocrx_word' id='word_1_145' title='bbox 394 2362 454 2410; x_wconf 81' lang='lat' dir='ltr'><strong>imo</strong></span> <span class='ocrx_word' id='word_1_146' title='bbox 472 2356 521 2425; x_wconf 86' lang='lat' dir='ltr'><strong>Lg.</strong></span> <span class='ocrx_word' id='word_1_147' title='bbox 536 2357 561 2410; x_wconf 95' lang='grc'><strong>6.</strong></span> <span class='ocrx_word' id='word_1_148' title='bbox 577 2357 617 2411; x_wconf 94' lang='grc'><strong>15.</strong></span> <span class='ocrx_word' id='word_1_149' title='bbox 631 2357 673 2410; x_wconf 93' lang='grc'><strong>34.</strong></span> <span class='ocrx_word' id='word_1_150' title='bbox 687 2356 730 2410; x_wconf 83' lang='grc'><strong>67.</strong></span> <span class='ocrx_word' id='word_1_151' title='bbox 743 2356 802 2421; x_wconf 58' lang='lat' dir='ltr'><strong>soa</strong></span> <span class='ocrx_word' id='word_1_152' title='bbox 819 2358 847 2410; x_wconf 89' lang='lat' dir='ltr'><strong>in</strong></span> <span class='ocrx_word' id='word_1_153' title='bbox 864 2358 906 2413; x_wconf 91' lang='grc'><strong>34.</strong></span> <span class='ocrx_word' id='word_1_154' title='bbox 926 2366 968 2412; x_wconf 88' lang='lat' dir='ltr'><strong>est</strong></span> <span class='ocrx_word' id='word_1_155' title='bbox 984 2360 1083 2413; x_wconf 86' lang='lat' dir='ltr'><strong>lacuna</strong></span> <span class='ocrx_word' id='word_1_156' title='bbox 1101 2361 1205 2414; x_wconf 86' lang='lat' dir='ltr'><strong>dimidii</strong></span> 
     </span>
     <span class='ocr_line' id='line_1_19' title="bbox 157 2440 1204 2511; baseline -0.004 -7"><span class='ocrx_word' id='word_1_157' title='bbox 157 2451 220 2505; x_wconf 79' lang='lat' dir='ltr'><strong>fere</strong></span> <span class='ocrx_word' id='word_1_158' title='bbox 231 2461 336 2499; x_wconf 87' lang='lat' dir='ltr'><strong>versus.</strong></span> <span class='ocrx_word' id='word_1_159' title='bbox 355 2441 431 2494; x_wconf 71' lang='lat' dir='ltr'><strong>fleret:</strong></span> <span class='ocrx_word' id='word_1_160' title='bbox 442 2441 576 2508; x_wconf 85' lang='lat' dir='ltr'><strong>scriptura</strong></span> <span class='ocrx_word' id='word_1_161' title='bbox 590 2441 641 2492; x_wconf 88' lang='lat' dir='ltr'><strong>etsi</strong></span> <span class='ocrx_word' id='word_1_162' title='bbox 654 2440 835 2508; x_wconf 79' lang='lat' dir='ltr'><strong>originatione</strong></span> <span class='ocrx_word' id='word_1_163' title='bbox 849 2444 941 2511; x_wconf 91' lang='lat' dir='ltr'><strong>potior</strong></span> <span class='ocrx_word' id='word_1_164' title='bbox 951 2444 1060 2497; x_wconf 80' lang='lat' dir='ltr'><strong>videtur</strong></span> <span class='ocrx_word' id='word_1_165' title='bbox 1072 2445 1112 2510; x_wconf 86' lang='lat' dir='ltr'><strong>(v.</strong></span> <span class='ocrx_word' id='word_1_166' title='bbox 1122 2445 1204 2500; x_wconf 82' lang='lat' dir='ltr'><strong>Voss.</strong></span> 
     </span>
     <span class='ocr_line' id='line_1_20' title="bbox 158 2524 1206 2604; baseline -0.001 -20"><span class='ocrx_word' id='word_1_167' title='bbox 158 2534 252 2604; x_wconf 82' lang='lat' dir='ltr'><strong>Etyrn.</strong></span> <span class='ocrx_word' id='word_1_168' title='bbox 271 2530 297 2582; x_wconf 91' lang='lat' dir='ltr'><strong>in</strong></span> <span class='ocrx_word' id='word_1_169' title='bbox 315 2527 372 2596; x_wconf 64' lang='lat' dir='ltr'><strong>a),</strong></span> <span class='ocrx_word' id='word_1_170' title='bbox 396 2533 485 2578; x_wconf 82' lang='lat' dir='ltr'><strong>tamen</strong></span> <span class='ocrx_word' id='word_1_171' title='bbox 509 2524 620 2594; x_wconf 83' lang='lat' dir='ltr'><strong>vulgata</strong></span> <span class='ocrx_word' id='word_1_172' title='bbox 644 2526 726 2577; x_wconf 85' lang='lat' dir='ltr'><strong>etiam</strong></span> <span class='ocrx_word' id='word_1_173' title='bbox 748 2525 775 2577; x_wconf 92' lang='lat' dir='ltr'><strong>in</strong></span> <span class='ocrx_word' id='word_1_174' title='bbox 794 2524 836 2578; x_wconf 85' lang='lat' dir='ltr'><strong>his</strong></span> <span class='ocrx_word' id='word_1_175' title='bbox 852 2526 929 2580; x_wconf 87' lang='lat' dir='ltr'><strong>libris</strong></span> <span class='ocrx_word' id='word_1_176' title='bbox 952 2528 1013 2597; x_wconf 85' lang='lat' dir='ltr'><strong>pins</strong></span> <span class='ocrx_word' id='word_1_177' title='bbox 1035 2527 1103 2582; x_wconf 84' lang='lat' dir='ltr'><strong>fidei</strong></span> <span class='ocrx_word' id='word_1_178' title='bbox 1122 2528 1206 2584; x_wconf 84' lang='lat' dir='ltr'>habet</span> 
     </span>
     <span class='ocr_line' id='line_1_21' title="bbox 159 2607 1207 2683; baseline -0.005 -11"><span class='ocrx_word' id='word_1_179' title='bbox 159 2639 178 2673; x_wconf 84' lang='lat' dir='ltr'><strong>o</strong></span> <span class='ocrx_word' id='word_1_180' title='bbox 194 2617 279 2671; x_wconf 84' lang='lat' dir='ltr'><strong>libris.</strong></span> <span class='ocrx_word' id='word_1_181' title='bbox 298 2642 334 2653; x_wconf 92' lang='lat'>-</span> <span class='ocrx_word' id='word_1_182' title='bbox 358 2610 472 2680; x_wconf 74' lang='lat' dir='ltr'><strong>iuquit]</strong></span> <span class='ocrx_word' id='word_1_183' title='bbox 493 2626 544 2663; x_wconf 88' lang='lat' dir='ltr'><strong>om.</strong></span> <span class='ocrx_word' id='word_1_184' title='bbox 564 2607 614 2680; x_wconf 81' lang='lat' dir='ltr'><strong>Lg.</strong></span> <span class='ocrx_word' id='word_1_185' title='bbox 633 2611 785 2679; x_wconf 69' lang='lat' dir='ltr'><strong>praeterii.</strong></span> <span class='ocrx_word' id='word_1_186' title='bbox 808 2609 847 2665; x_wconf 84' lang='grc'><strong>17.</strong></span> <span class='ocrx_word' id='word_1_187' title='bbox 866 2610 908 2664; x_wconf 85' lang='grc'><strong>35.</strong></span> <span class='ocrx_word' id='word_1_188' title='bbox 928 2610 970 2665; x_wconf 90' lang='grc'><strong>81.</strong></span> <span class='ocrx_word' id='word_1_189' title='bbox 988 2611 1047 2678; x_wconf 77' lang='grc'><strong>84,</strong></span> <span class='ocrx_word' id='word_1_190' title='bbox 1072 2614 1146 2683; x_wconf 88' lang='lat' dir='ltr'><strong>quod</strong></span> <span class='ocrx_word' id='word_1_191' title='bbox 1163 2631 1207 2667; x_wconf 84' lang='lat' dir='ltr'><strong>se·</strong></span> 
     </span>
     <span class='ocr_line' id='line_1_22' title="bbox 160 2693 1211 2774; baseline -0.006 -16"><span class='ocrx_word' id='word_1_192' title='bbox 160 2720 270 2774; x_wconf 82' lang='lat' dir='ltr'><strong>queror,</strong></span> <span class='ocrx_word' id='word_1_193' title='bbox 289 2698 340 2752; x_wconf 90' lang='lat' dir='ltr'><strong>nisi</strong></span> <span class='ocrx_word' id='word_1_194' title='bbox 357 2704 412 2749; x_wconf 88' lang='lat' dir='ltr'><strong>tres</strong></span> <span class='ocrx_word' id='word_1_195' title='bbox 431 2696 595 2766; x_wconf 89' lang='lat' dir='ltr'><strong>optimorum</strong></span> <span class='ocrx_word' id='word_1_196' title='bbox 614 2693 665 2747; x_wconf 87' lang='lat' dir='ltr'><strong>hac</strong></span> <span class='ocrx_word' id='word_1_197' title='bbox 681 2702 758 2765; x_wconf 86' lang='lat' dir='ltr'><strong>parte</strong></span> <span class='ocrx_word' id='word_1_198' title='bbox 774 2695 836 2749; x_wconf 89' lang='lat' dir='ltr'><strong>iibri</strong></span> <span class='ocrx_word' id='word_1_199' title='bbox 852 2693 1011 2751; x_wconf 82' lang='lat' dir='ltr'><strong>deficerent.</strong></span> <span class='ocrx_word' id='word_1_200' title='bbox 1026 2727 1062 2738; x_wconf 83' lang='lat'><strong>—-</strong></span> <span class='ocrx_word' id='word_1_201' title='bbox 1077 2697 1140 2768; x_wconf 76' lang='lat' dir='ltr'><strong>fuit</strong></span> <span class='ocrx_word' id='word_1_202' title='bbox 1157 2698 1211 2753; x_wconf 69' lang='lat' dir='ltr'><strong>to?</strong></span> 
     </span>
     <span class='ocr_line' id='line_1_23' title="bbox 161 2779 1206 2861; baseline -0.003 -18"><span class='ocrx_word' id='word_1_203' title='bbox 161 2796 214 2843; x_wconf 85' lang='lat' dir='ltr'><strong>out</strong></span> <span class='ocrx_word' id='word_1_204' title='bbox 231 2782 375 2861; x_wconf 57' lang='lat' dir='ltr'><strong>eiusdem]</strong></span> <span class='ocrx_word' id='word_1_205' title='bbox 391 2779 453 2850; x_wconf 81' lang='lat' dir='ltr'><strong>fuit</strong></span> <span class='ocrx_word' id='word_1_206' title='bbox 471 2786 516 2833; x_wconf 77' lang='lat' dir='ltr'><strong>ent</strong></span> <span class='ocrx_word' id='word_1_207' title='bbox 533 2787 632 2833; x_wconf 79' lang='lat' dir='ltr'><strong>nutem</strong></span> <span class='ocrx_word' id='word_1_208' title='bbox 650 2781 783 2833; x_wconf 73' lang='lat' dir='ltr'><strong>eiusdem</strong></span> <span class='ocrx_word' id='word_1_209' title='bbox 805 2781 855 2853; x_wconf 71' lang='lat' dir='ltr'><strong>mg.</strong></span> <span class='ocrx_word' id='word_1_210' title='bbox 873 2782 898 2835; x_wconf 89' lang='lat'><strong>5.</strong></span> <span class='ocrx_word' id='word_1_211' title='bbox 921 2781 960 2860; x_wconf 72' lang='grc'><strong>15.</strong></span> <span class='ocrx_word' id='word_1_212' title='bbox 979 2782 1020 2838; x_wconf 86' lang='grc'><strong>30.</strong></span> <span class='ocrx_word' id='word_1_213' title='bbox 1039 2782 1081 2839; x_wconf 88' lang='grc'><strong>33.</strong></span> <span class='ocrx_word' id='word_1_214' title='bbox 1100 2783 1143 2839; x_wconf 87' lang='grc'><strong>34.</strong></span> <span class='ocrx_word' id='word_1_215' title='bbox 1162 2785 1206 2841; x_wconf 87' lang='grc'><strong>67.</strong></span> 
     </span>
     <span class='ocr_line' id='line_1_24' title="bbox 160 2864 1205 2935; baseline -0.005 -7"><span class='ocrx_word' id='word_1_216' title='bbox 160 2873 203 2928; x_wconf 82' lang='grc'><strong>69.</strong></span> <span class='ocrx_word' id='word_1_217' title='bbox 218 2873 258 2926; x_wconf 87' lang='grc'><strong>70.</strong></span> <span class='ocrx_word' id='word_1_218' title='bbox 273 2870 316 2923; x_wconf 89' lang='grc'><strong>73.</strong></span> <span class='ocrx_word' id='word_1_219' title='bbox 329 2868 371 2922; x_wconf 97' lang='grc'><strong>86.</strong></span> <span class='ocrx_word' id='word_1_220' title='bbox 386 2867 428 2922; x_wconf 77' lang='lat' dir='ltr'><strong>et.</strong></span> <span class='ocrx_word' id='word_1_221' title='bbox 458 2864 483 2935; x_wconf 82' lang='lat' dir='ltr'><strong>f.</strong></span> <span class='ocrx_word' id='word_1_222' title='bbox 499 2872 526 2918; x_wconf 81' lang='lat' dir='ltr'><strong>te</strong></span> <span class='ocrx_word' id='word_1_223' title='bbox 544 2873 578 2918; x_wconf 80' lang='lat' dir='ltr'><strong>ot</strong></span> <span class='ocrx_word' id='word_1_224' title='bbox 594 2865 687 2920; x_wconf 73' lang='lat' dir='ltr'><strong>otono.</strong></span> <span class='ocrx_word' id='word_1_225' title='bbox 703 2865 778 2935; x_wconf 61' lang='grc' dir='ltr'><strong>3.,Ῐ.</strong></span> <span class='ocrx_word' id='word_1_226' title='bbox 798 2874 827 2920; x_wconf 83' lang='lat' dir='ltr'><strong>te</strong></span> <span class='ocrx_word' id='word_1_227' title='bbox 844 2873 945 2921; x_wconf 80' lang='lat' dir='ltr'><strong>autem</strong></span> <span class='ocrx_word' id='word_1_228' title='bbox 963 2869 1055 2922; x_wconf 79' lang='lat' dir='ltr'><strong>eiuod.</strong></span> <span class='ocrx_word' id='word_1_229' title='bbox 1068 2869 1094 2924; x_wconf 91' lang='grc'><strong>3.</strong></span> <span class='ocrx_word' id='word_1_230' title='bbox 1106 2868 1149 2924; x_wconf 89' lang='grc'><strong>36.</strong></span> <span class='ocrx_word' id='word_1_231' title='bbox 1162 2869 1205 2923; x_wconf 91' lang='grc'><strong>81.</strong></span> 
     </span>
     <span class='ocr_line' id='line_1_25' title="bbox 159 2950 1223 3031; baseline -0.002 -20"><span class='ocrx_word' id='word_1_232' title='bbox 159 2956 222 3028; x_wconf 74' lang='lat' dir='ltr'><strong>fuit</strong></span> <span class='ocrx_word' id='word_1_233' title='bbox 241 2963 341 3009; x_wconf 72' lang='lat' dir='ltr'><strong>anetem</strong></span> <span class='ocrx_word' id='word_1_234' title='bbox 360 2951 452 3006; x_wconf 70' lang='lat' dir='ltr'><strong>eiuod.</strong></span> <span class='ocrx_word' id='word_1_235' title='bbox 471 2951 496 3005; x_wconf 86' lang='lat'><strong>6.</strong></span> <span class='ocrx_word' id='word_1_236' title='bbox 515 2950 557 3005; x_wconf 90' lang='grc'><strong>31.</strong></span> <span class='ocrx_word' id='word_1_237' title='bbox 577 2950 619 3004; x_wconf 89' lang='grc'><strong>76.</strong></span> <span class='ocrx_word' id='word_1_238' title='bbox 653 2958 682 3004; x_wconf 81' lang='lat' dir='ltr'><strong>te</strong></span> <span class='ocrx_word' id='word_1_239' title='bbox 701 2969 753 3007; x_wconf 88' lang='lat' dir='ltr'><strong>om.</strong></span> <span class='ocrx_word' id='word_1_240' title='bbox 771 2953 813 3007; x_wconf 86' lang='grc'><strong>65.</strong></span> <span class='ocrx_word' id='word_1_241' title='bbox 831 2980 867 2993; x_wconf 81' lang='lat'>—</span> <span class='ocrx_word' id='word_1_242' title='bbox 896 2955 1062 3031; x_wconf 75' lang='lat' dir='ltr'><strong>responsio]</strong></span> <span class='ocrx_word' id='word_1_243' title='bbox 1084 2960 1223 3028; x_wconf 58' lang='lat' dir='ltr'><strong>munnio„</strong></span> 
     </span>
     <span class='ocr_line' id='line_1_26' title="bbox 162 3034 1204 3113; baseline 0 -17"><span class='ocrx_word' id='word_1_244' title='bbox 162 3042 213 3113; x_wconf 82' lang='lat' dir='ltr'><strong>Lg.</strong></span> <span class='ocrx_word' id='word_1_245' title='bbox 227 3041 251 3094; x_wconf 94' lang='grc'><strong>3.</strong></span> <span class='ocrx_word' id='word_1_246' title='bbox 265 3041 306 3094; x_wconf 91' lang='grc'><strong>36.</strong></span> <span class='ocrx_word' id='word_1_247' title='bbox 325 3071 356 3079; x_wconf 92' lang='grc'>-</span> <span class='ocrx_word' id='word_1_248' title='bbox 377 3041 406 3091; x_wconf 82' lang='lat' dir='ltr'><strong>ot</strong></span> <span class='ocrx_word' id='word_1_249' title='bbox 424 3037 466 3105; x_wconf 86' lang='lat' dir='ltr'><strong>tu]</strong></span> <span class='ocrx_word' id='word_1_250' title='bbox 487 3042 519 3089; x_wconf 88' lang='lat' dir='ltr'><strong>tu</strong></span> <span class='ocrx_word' id='word_1_251' title='bbox 536 3052 588 3089; x_wconf 86' lang='lat' dir='ltr'><strong>om.</strong></span> <span class='ocrx_word' id='word_1_252' title='bbox 609 3034 659 3107; x_wconf 83' lang='lat' dir='ltr'><strong>Lg.</strong></span> <span class='ocrx_word' id='word_1_253' title='bbox 675 3035 715 3090; x_wconf 95' lang='grc'><strong>15.</strong></span> <span class='ocrx_word' id='word_1_254' title='bbox 731 3037 773 3092; x_wconf 92' lang='grc'><strong>34.</strong></span> <span class='ocrx_word' id='word_1_255' title='bbox 791 3044 873 3092; x_wconf 85' lang='lat' dir='ltr'><strong>—et</strong></span> <span class='ocrx_word' id='word_1_256' title='bbox 891 3040 1022 3108; x_wconf 74' lang='lat' dir='ltr'><strong>auersus]</strong></span> <span class='ocrx_word' id='word_1_257' title='bbox 1041 3057 1093 3095; x_wconf 91' lang='lat' dir='ltr'><strong>om.</strong></span> <span class='ocrx_word' id='word_1_258' title='bbox 1113 3040 1164 3096; x_wconf 87' lang='lat' dir='ltr'><strong>Gn.</strong></span> <span class='ocrx_word' id='word_1_259' title='bbox 1179 3042 1204 3097; x_wconf 93' lang='grc'><strong>3.</strong></span> 
     </span>
     <span class='ocr_line' id='line_1_27' title="bbox 161 3121 1205 3198; baseline 0 -18"><span class='ocrx_word' id='word_1_260' title='bbox 161 3127 213 3198; x_wconf 76' lang='lat' dir='ltr'><strong>ng.</strong></span> <span class='ocrx_word' id='word_1_261' title='bbox 230 3125 254 3180; x_wconf 92' lang='grc'><strong>3.</strong></span> <span class='ocrx_word' id='word_1_262' title='bbox 272 3124 314 3178; x_wconf 87' lang='grc'><strong>36.</strong></span> <span class='ocrx_word' id='word_1_263' title='bbox 331 3124 373 3178; x_wconf 89' lang='grc'><strong>36.</strong></span> <span class='ocrx_word' id='word_1_264' title='bbox 393 3122 434 3178; x_wconf 90' lang='grc'><strong>76.</strong></span> <span class='ocrx_word' id='word_1_265' title='bbox 453 3121 485 3175; x_wconf 92' lang='grc'><strong>81</strong></span> <span class='ocrx_word' id='word_1_266' title='bbox 504 3121 566 3177; x_wconf 84' lang='lat' dir='ltr'><strong>add.</strong></span> <span class='ocrx_word' id='word_1_267' title='bbox 600 3136 720 3177; x_wconf 76' lang='lat' dir='ltr'><strong>overrun</strong></span> <span class='ocrx_word' id='word_1_268' title='bbox 738 3140 791 3180; x_wconf 91' lang='lat' dir='ltr'><strong>om.</strong></span> <span class='ocrx_word' id='word_1_269' title='bbox 810 3124 835 3179; x_wconf 92' lang='grc'><strong>6.</strong></span> <span class='ocrx_word' id='word_1_270' title='bbox 870 3123 988 3183; x_wconf 74' lang='lat' dir='ltr'><strong>Quidam</strong></span> <span class='ocrx_word' id='word_1_271' title='bbox 1006 3125 1069 3180; x_wconf 87' lang='lat' dir='ltr'><strong>libri</strong></span> <span class='ocrx_word' id='word_1_272' title='bbox 1087 3126 1131 3179; x_wconf 86' lang='lat' dir='ltr'><strong>hic</strong></span> <span class='ocrx_word' id='word_1_273' title='bbox 1149 3127 1205 3180; x_wconf 83' lang='lat' dir='ltr'><strong>ad·</strong></span> 
     </span>
    </p>
   </div>
   <div class='ocr_carea' id='block_1_4' title="bbox 29 3202 271 3266">
    <p class='ocr_par' dir='ltr' id='par_1_5' title="bbox 29 3202 271 3266">
     <span class='ocr_line' id='line_1_28' title="bbox 29 3202 271 3266; baseline -0.017 0"><span class='ocrx_word' id='word_1_274' title='bbox 29 3202 43 3253; x_wconf 67' lang='grc' dir='ltr'><strong>ἶ</strong></span> <span class='ocrx_word' id='word_1_275' title='bbox 161 3226 271 3266; x_wconf 78' lang='lat' dir='ltr'><strong>versuo.</strong></span> 
     </span>
    </p>
   </div>
   <div class='ocr_carea' id='block_1_5' title="bbox 162 3309 1246 3635">
    <p class='ocr_par' dir='ltr' id='par_1_6' title="bbox 162 3309 1246 3635">
     <span class='ocr_line' id='line_1_29' title="bbox 248 3309 1209 3381; baseline 0.002 -16"><span class='ocrx_word' id='word_1_276' title='bbox 248 3310 308 3365; x_wconf 90' lang='grc'><strong>357.</strong></span> <span class='ocrx_word' id='word_1_277' title='bbox 343 3310 447 3378; x_wconf 76' lang='lat' dir='ltr'><strong>etiam]</strong></span> <span class='ocrx_word' id='word_1_278' title='bbox 472 3315 502 3363; x_wconf 82' lang='lat' dir='ltr'><strong>et</strong></span> <span class='ocrx_word' id='word_1_279' title='bbox 525 3314 625 3363; x_wconf 75' lang='lat' dir='ltr'><strong>tamen</strong></span> <span class='ocrx_word' id='word_1_280' title='bbox 648 3309 697 3380; x_wconf 71' lang='lat' dir='ltr'><strong>ng.</strong></span> <span class='ocrx_word' id='word_1_281' title='bbox 721 3320 833 3381; x_wconf 85' lang='lat' dir='ltr'><strong>praeter</strong></span> <span class='ocrx_word' id='word_1_282' title='bbox 854 3311 879 3365; x_wconf 88' lang='grc'><strong>3.</strong></span> <span class='ocrx_word' id='word_1_283' title='bbox 902 3311 945 3365; x_wconf 87' lang='grc'><strong>35.</strong></span> <span class='ocrx_word' id='word_1_284' title='bbox 969 3311 1011 3366; x_wconf 85' lang='grc'><strong>36.</strong></span> <span class='ocrx_word' id='word_1_285' title='bbox 1034 3311 1076 3367; x_wconf 91' lang='grc'><strong>81.</strong></span> <span class='ocrx_word' id='word_1_286' title='bbox 1100 3312 1142 3367; x_wconf 88' lang='grc'><strong>84.</strong></span> <span class='ocrx_word' id='word_1_287' title='bbox 1169 3314 1209 3367; x_wconf 87' lang='lat' dir='ltr'><strong>ita</strong></span> 
     </span>
     <span class='ocr_line' id='line_1_30' title="bbox 162 3394 1246 3467; baseline -0.004 -12"><span class='ocrx_word' id='word_1_288' title='bbox 162 3417 233 3454; x_wconf 88' lang='lat' dir='ltr'><strong>corr.</strong></span> <span class='ocrx_word' id='word_1_289' title='bbox 253 3396 296 3451; x_wconf 92' lang='grc'><strong>81.</strong></span> <span class='ocrx_word' id='word_1_290' title='bbox 321 3426 353 3435; x_wconf 96' lang='grc'><strong>-</strong></span> <span class='ocrx_word' id='word_1_291' title='bbox 383 3394 568 3461; x_wconf 82' lang='lat' dir='ltr'><strong>Nummium]</strong></span> <span class='ocrx_word' id='word_1_292' title='bbox 596 3395 674 3448; x_wconf 84' lang='lat' dir='ltr'><strong>varie</strong></span> <span class='ocrx_word' id='word_1_293' title='bbox 699 3395 778 3450; x_wconf 84' lang='lat' dir='ltr'><strong>codd.</strong></span> <span class='ocrx_word' id='word_1_294' title='bbox 805 3405 937 3465; x_wconf 84' lang='lat' dir='ltr'><strong>peccaut3</strong></span> <span class='ocrx_word' id='word_1_295' title='bbox 966 3398 1054 3450; x_wconf 84' lang='lat' dir='ltr'><strong>minus</strong></span> <span class='ocrx_word' id='word_1_296' title='bbox 1080 3397 1133 3464; x_wconf 88' lang='lat' dir='ltr'><strong>ilii,</strong></span> <span class='ocrx_word' id='word_1_297' title='bbox 1161 3399 1208 3467; x_wconf 88' lang='lat' dir='ltr'><strong>qni</strong></span> <span class='ocrx_word' id='word_1_298' title='bbox 1241 3404 1246 3411; x_wconf 84' lang='lat'>‘</span> 
     </span>
     <span class='ocr_line' id='line_1_31' title="bbox 162 3478 1206 3554; baseline -0.001 -15"><span class='ocrx_word' id='word_1_299' title='bbox 162 3487 312 3545; x_wconf 78' lang='lat' dir='ltr'><strong>numium,</strong></span> <span class='ocrx_word' id='word_1_300' title='bbox 339 3488 367 3534; x_wconf 92' lang='lat' dir='ltr'><strong>ut</strong></span> <span class='ocrx_word' id='word_1_301' title='bbox 390 3479 414 3534; x_wconf 88' lang='grc'><strong>3.</strong></span> <span class='ocrx_word' id='word_1_302' title='bbox 439 3478 482 3533; x_wconf 90' lang='grc'><strong>34.</strong></span> <span class='ocrx_word' id='word_1_303' title='bbox 504 3480 547 3534; x_wconf 87' lang='grc'><strong>65.</strong></span> <span class='ocrx_word' id='word_1_304' title='bbox 571 3479 613 3534; x_wconf 91' lang='grc'><strong>84.</strong></span> <span class='ocrx_word' id='word_1_305' title='bbox 653 3480 706 3535; x_wconf 84' lang='lat' dir='ltr'><strong>Alii</strong></span> <span class='ocrx_word' id='word_1_306' title='bbox 730 3484 873 3543; x_wconf 79' lang='lat' dir='ltr'><strong>utmtum,</strong></span> <span class='ocrx_word' id='word_1_307' title='bbox 898 3484 1052 3536; x_wconf 77' lang='lat' dir='ltr'><strong>numinum</strong></span> <span class='ocrx_word' id='word_1_308' title='bbox 1076 3481 1144 3554; x_wconf 72' lang='lat' dir='ltr'><strong>(ng.</strong></span> <span class='ocrx_word' id='word_1_309' title='bbox 1165 3482 1206 3538; x_wconf 93' lang='grc'><strong>17.</strong></span> 
     </span>
     <span class='ocr_line' id='line_1_32' title="bbox 163 3568 1207 3635; baseline -0.002 -12"><span class='ocrx_word' id='word_1_310' title='bbox 163 3570 214 3624; x_wconf 86' lang='lat' dir='ltr'><strong>Gn.</strong></span> <span class='ocrx_word' id='word_1_311' title='bbox 236 3568 272 3635; x_wconf 91' lang='grc'><strong>1.)</strong></span> <span class='ocrx_word' id='word_1_312' title='bbox 295 3581 434 3629; x_wconf 76' lang='lat' dir='ltr'><strong>numum,</strong></span> <span class='ocrx_word' id='word_1_313' title='bbox 463 3570 632 3629; x_wconf 77' lang='lat' dir='ltr'><strong>nummum,</strong></span> <span class='ocrx_word' id='word_1_314' title='bbox 660 3568 822 3629; x_wconf 79' lang='lat' dir='ltr'><strong>mumium,</strong></span> <span class='ocrx_word' id='word_1_315' title='bbox 846 3569 1037 3631; x_wconf 84' lang='lat' dir='ltr'><strong>mummium,</strong></span> <span class='ocrx_word' id='word_1_316' title='bbox 1061 3572 1207 3623; x_wconf 75' lang='lat' dir='ltr'><strong>minumum</strong></span> 
     </span>
    </p>
   </div>
   <div class='ocr_carea' id='block_1_6' title="bbox 162 3653 295 3725">
    <p class='ocr_par' dir='ltr' id='par_1_7' title="bbox 162 3653 295 3725">
     <span class='ocr_line' id='line_1_33' title="bbox 162 3653 295 3725; baseline -0.015 -17"><span class='ocrx_word' id='word_1_317' title='bbox 162 3655 228 3725; x_wconf 81' lang='lat' dir='ltr'><strong>(uu.</strong></span> <span class='ocrx_word' id='word_1_318' title='bbox 246 3653 295 3722; x_wconf 77' lang='lat' dir='ltr'><strong>a).</strong></span> 
     </span>
    </p>
   </div>
   <div class='ocr_carea' id='block_1_7' title="bbox 161 3750 1208 4243">
    <p class='ocr_par' dir='ltr' id='par_1_8' title="bbox 161 3750 1208 4243">
     <span class='ocr_line' id='line_1_34' title="bbox 251 3750 1207 3822; baseline 0.003 -15"><span class='ocrx_word' id='word_1_319' title='bbox 251 3752 349 3807; x_wconf 84' lang='lat' dir='ltr'><strong>inv.</strong></span> <span class='ocrx_word' id='word_1_320' title='bbox 385 3751 433 3805; x_wconf 85' lang='lat' dir='ltr'><strong>uel</strong></span> <span class='ocrx_word' id='word_1_321' title='bbox 447 3752 498 3818; x_wconf 86' lang='lat' dir='ltr'><strong>ut]</strong></span> <span class='ocrx_word' id='word_1_322' title='bbox 519 3750 597 3804; x_wconf 84' lang='lat' dir='ltr'><strong>uelut</strong></span> <span class='ocrx_word' id='word_1_323' title='bbox 620 3750 669 3822; x_wconf 77' lang='lat' dir='ltr'><strong>Lg.</strong></span> <span class='ocrx_word' id='word_1_324' title='bbox 688 3750 713 3805; x_wconf 90' lang='grc'><strong>3.</strong></span> <span class='ocrx_word' id='word_1_325' title='bbox 735 3751 774 3806; x_wconf 90' lang='grc'><strong>16.</strong></span> <span class='ocrx_word' id='word_1_326' title='bbox 797 3751 839 3807; x_wconf 86' lang='grc'><strong>36.</strong></span> <span class='ocrx_word' id='word_1_327' title='bbox 857 3751 900 3807; x_wconf 95' lang='grc'><strong>31.</strong></span> <span class='ocrx_word' id='word_1_328' title='bbox 918 3753 960 3806; x_wconf 92' lang='grc'><strong>34.</strong></span> <span class='ocrx_word' id='word_1_329' title='bbox 980 3752 1023 3808; x_wconf 88' lang='grc'><strong>36.</strong></span> <span class='ocrx_word' id='word_1_330' title='bbox 1041 3752 1083 3809; x_wconf 84' lang='grc'><strong>65.</strong></span> <span class='ocrx_word' id='word_1_331' title='bbox 1102 3752 1145 3808; x_wconf 82' lang='grc'><strong>69.</strong></span> <span class='ocrx_word' id='word_1_332' title='bbox 1164 3755 1207 3812; x_wconf 86' lang='grc'><strong>711.</strong></span> 
     </span>
     <span class='ocr_line' id='line_1_35' title="bbox 163 3835 1208 3910; baseline 0 -17"><span class='ocrx_word' id='word_1_333' title='bbox 163 3840 204 3895; x_wconf 91' lang='grc'><strong>73.</strong></span> <span class='ocrx_word' id='word_1_334' title='bbox 226 3837 268 3892; x_wconf 88' lang='grc'><strong>76.</strong></span> <span class='ocrx_word' id='word_1_335' title='bbox 285 3839 328 3891; x_wconf 94' lang='grc'><strong>81.</strong></span> <span class='ocrx_word' id='word_1_336' title='bbox 346 3837 388 3891; x_wconf 86' lang='grc'><strong>84.</strong></span> <span class='ocrx_word' id='word_1_337' title='bbox 407 3836 449 3890; x_wconf 89' lang='grc'><strong>86.</strong></span> <span class='ocrx_word' id='word_1_338' title='bbox 468 3835 511 3889; x_wconf 81' lang='grc'><strong>33.</strong></span> <span class='ocrx_word' id='word_1_339' title='bbox 529 3836 601 3890; x_wconf 83' lang='lat' dir='ltr'><strong>vict.</strong></span> <span class='ocrx_word' id='word_1_340' title='bbox 620 3836 671 3890; x_wconf 90' lang='lat' dir='ltr'><strong>Gn.</strong></span> <span class='ocrx_word' id='word_1_341' title='bbox 685 3836 711 3891; x_wconf 93' lang='grc'><strong>3.</strong></span> <span class='ocrx_word' id='word_1_342' title='bbox 729 3866 765 3876; x_wconf 92' lang='grc'>-</span> <span class='ocrx_word' id='word_1_343' title='bbox 785 3838 954 3910; x_wconf 76' lang='lat' dir='ltr'><strong>pardulum]</strong></span> <span class='ocrx_word' id='word_1_344' title='bbox 974 3839 1013 3893; x_wconf 85' lang='lat' dir='ltr'><strong>sic</strong></span> <span class='ocrx_word' id='word_1_345' title='bbox 1031 3838 1081 3909; x_wconf 76' lang='lat' dir='ltr'><strong>hg.</strong></span> <span class='ocrx_word' id='word_1_346' title='bbox 1097 3839 1208 3905; x_wconf 76' lang='lat' dir='ltr'><strong>xxiii,</strong></span> 
     </span>
     <span class='ocr_line' id='line_1_36' title="bbox 162 3921 1208 3994; baseline 0 -15"><span class='ocrx_word' id='word_1_347' title='bbox 162 3927 178 3981; x_wconf 90' lang='lat' dir='ltr'><strong>i.</strong></span> <span class='ocrx_word' id='word_1_348' title='bbox 200 3942 223 3978; x_wconf 85' lang='lat' dir='ltr'><strong>e.</strong></span> <span class='ocrx_word' id='word_1_349' title='bbox 250 3941 345 3977; x_wconf 85' lang='lat' dir='ltr'><strong>omnes</strong></span> <span class='ocrx_word' id='word_1_350' title='bbox 368 3940 409 3992; x_wconf 92' lang='lat' dir='ltr'><strong>pr.</strong></span> <span class='ocrx_word' id='word_1_351' title='bbox 429 3922 452 3975; x_wconf 88' lang='lat'><strong>5.</strong></span> <span class='ocrx_word' id='word_1_352' title='bbox 473 3930 500 3974; x_wconf 87' lang='lat' dir='ltr'><strong>et</strong></span> <span class='ocrx_word' id='word_1_353' title='bbox 521 3921 577 3985; x_wconf 85' lang='grc'><strong>15.,</strong></span> <span class='ocrx_word' id='word_1_354' title='bbox 600 3921 627 3974; x_wconf 88' lang='lat' dir='ltr'><strong>in</strong></span> <span class='ocrx_word' id='word_1_355' title='bbox 654 3937 707 3989; x_wconf 90' lang='lat' dir='ltr'><strong>quo</strong></span> <span class='ocrx_word' id='word_1_356' title='bbox 729 3924 860 3994; x_wconf 67' lang='lat' dir='ltr'><strong>paulum.</strong></span> <span class='ocrx_word' id='word_1_357' title='bbox 882 3953 918 3964; x_wconf 90' lang='lat'>-</span> <span class='ocrx_word' id='word_1_358' title='bbox 949 3925 1137 3992; x_wconf 77' lang='lat' dir='ltr'><strong>immutatus]</strong></span> <span class='ocrx_word' id='word_1_359' title='bbox 1162 3929 1208 3979; x_wconf 79' lang='lat' dir='ltr'><strong>tu-</strong></span> 
     </span>
     <span class='ocr_line' id='line_1_37' title="bbox 161 4005 1207 4080; baseline -0.002 -16"><span class='ocrx_word' id='word_1_360' title='bbox 161 4015 299 4064; x_wconf 75' lang='lat' dir='ltr'><strong>mulatur</strong></span> <span class='ocrx_word' id='word_1_361' title='bbox 313 4008 363 4078; x_wconf 76' lang='lat' dir='ltr'><strong>ng.</strong></span> <span class='ocrx_word' id='word_1_362' title='bbox 382 4006 408 4059; x_wconf 89' lang='grc'><strong>6.</strong></span> <span class='ocrx_word' id='word_1_363' title='bbox 427 4005 468 4059; x_wconf 88' lang='grc'><strong>34.</strong></span> <span class='ocrx_word' id='word_1_364' title='bbox 486 4034 522 4045; x_wconf 74' lang='lat'>-</span> <span class='ocrx_word' id='word_1_365' title='bbox 550 4024 608 4060; x_wconf 82' lang='lat' dir='ltr'><strong>uon</strong></span> <span class='ocrx_word' id='word_1_366' title='bbox 624 4007 714 4076; x_wconf 75' lang='lat' dir='ltr'><strong>uuili]</strong></span> <span class='ocrx_word' id='word_1_367' title='bbox 736 4009 776 4062; x_wconf 86' lang='lat' dir='ltr'><strong>sio</strong></span> <span class='ocrx_word' id='word_1_368' title='bbox 800 4010 907 4064; x_wconf 85' lang='lat' dir='ltr'><strong>divisim</strong></span> <span class='ocrx_word' id='word_1_369' title='bbox 931 4010 980 4080; x_wconf 78' lang='lat' dir='ltr'><strong>ng.</strong></span> <span class='ocrx_word' id='word_1_370' title='bbox 998 4010 1024 4065; x_wconf 90' lang='grc'><strong>3.</strong></span> <span class='ocrx_word' id='word_1_371' title='bbox 1041 4008 1083 4063; x_wconf 89' lang='grc'><strong>36.</strong></span> <span class='ocrx_word' id='word_1_372' title='bbox 1102 4008 1144 4063; x_wconf 84' lang='grc'><strong>67.</strong></span> <span class='ocrx_word' id='word_1_373' title='bbox 1164 4008 1207 4064; x_wconf 85' lang='grc'><strong>76.</strong></span> 
     </span>
     <span class='ocr_line' id='line_1_38' title="bbox 161 4091 1208 4162; baseline -0.005 -14"><span class='ocrx_word' id='word_1_374' title='bbox 161 4096 205 4148; x_wconf 85' lang='grc'><strong>84.</strong></span> <span class='ocrx_word' id='word_1_375' title='bbox 217 4124 254 4136; x_wconf 80' lang='lat'><em>-</em></span> <span class='ocrx_word' id='word_1_376' title='bbox 273 4093 388 4159; x_wconf 75' lang='lat' dir='ltr'><strong>dicuat]</strong></span> <span class='ocrx_word' id='word_1_377' title='bbox 409 4091 512 4144; x_wconf 78' lang='lat' dir='ltr'><strong>dieunt</strong></span> <span class='ocrx_word' id='word_1_378' title='bbox 529 4091 579 4162; x_wconf 76' lang='lat' dir='ltr'><strong>ng.</strong></span> <span class='ocrx_word' id='word_1_379' title='bbox 595 4093 620 4147; x_wconf 89' lang='lat'><strong>5.</strong></span> <span class='ocrx_word' id='word_1_380' title='bbox 641 4093 680 4148; x_wconf 88' lang='grc'><strong>15.</strong></span> <span class='ocrx_word' id='word_1_381' title='bbox 699 4094 741 4147; x_wconf 91' lang='grc'><strong>34.</strong></span> <span class='ocrx_word' id='word_1_382' title='bbox 760 4093 802 4148; x_wconf 88' lang='grc'><strong>86.</strong></span> <span class='ocrx_word' id='word_1_383' title='bbox 821 4122 857 4136; x_wconf 82' lang='lat'><strong>—-</strong></span> <span class='ocrx_word' id='word_1_384' title='bbox 877 4092 927 4161; x_wconf 80' lang='lat' dir='ltr'><strong>st]</strong></span> <span class='ocrx_word' id='word_1_385' title='bbox 945 4112 997 4148; x_wconf 82' lang='lat' dir='ltr'><strong>om.</strong></span> <span class='ocrx_word' id='word_1_386' title='bbox 1017 4093 1067 4161; x_wconf 82' lang='lat' dir='ltr'><strong>Lg.</strong></span> <span class='ocrx_word' id='word_1_387' title='bbox 1083 4092 1107 4145; x_wconf 90' lang='grc'><strong>3.</strong></span> <span class='ocrx_word' id='word_1_388' title='bbox 1137 4098 1165 4145; x_wconf 80' lang='lat' dir='ltr'><strong>st</strong></span> <span class='ocrx_word' id='word_1_389' title='bbox 1181 4095 1208 4144; x_wconf 90' lang='grc'><strong>3.</strong></span> 
     </span>
     <span class='ocr_line' id='line_1_39' title="bbox 164 4172 1208 4243; baseline -0.006 -13"><span class='ocrx_word' id='word_1_390' title='bbox 164 4178 206 4233; x_wconf 82' lang='grc'><strong>16.</strong></span> <span class='ocrx_word' id='word_1_391' title='bbox 224 4178 267 4233; x_wconf 89' lang='grc'><strong>36.</strong></span> <span class='ocrx_word' id='word_1_392' title='bbox 287 4177 330 4233; x_wconf 93' lang='grc'><strong>31,</strong></span> <span class='ocrx_word' id='word_1_393' title='bbox 348 4177 392 4230; x_wconf 88' lang='grc'><strong>65.</strong></span> <span class='ocrx_word' id='word_1_394' title='bbox 409 4176 444 4230; x_wconf 81' lang='grc'><strong>63</strong></span> <span class='ocrx_word' id='word_1_395' title='bbox 460 4193 531 4232; x_wconf 84' lang='lat' dir='ltr'><strong>corr.</strong></span> <span class='ocrx_word' id='word_1_396' title='bbox 552 4178 624 4234; x_wconf 80' lang='lat' dir='ltr'><strong>utu.</strong></span> <span class='ocrx_word' id='word_1_397' title='bbox 643 4177 868 4233; x_wconf 71' lang='lat' dir='ltr'><strong>iuratust.</strong></span> <span class='ocrx_word' id='word_1_398' title='bbox 904 4195 933 4243; x_wconf 70' lang='lat'><strong>⁸3</strong></span> <span class='ocrx_word' id='word_1_399' title='bbox 958 4177 997 4230; x_wconf 85' lang='grc'><strong>17.</strong></span> <span class='ocrx_word' id='word_1_400' title='bbox 1016 4175 1059 4227; x_wconf 91' lang='grc'><strong>86.</strong></span> <span class='ocrx_word' id='word_1_401' title='bbox 1095 4172 1149 4224; x_wconf 73' lang='lat' dir='ltr'><strong>sed</strong></span> <span class='ocrx_word' id='word_1_402' title='bbox 1167 4173 1208 4224; x_wconf 86' lang='grc'><strong>16.</strong></span> 
     </span>
    </p>
   </div>
   <div class='ocr_carea' id='block_1_8' title="bbox 0 0 1485 4590">
    <p class='ocr_par' dir='ltr' id='par_1_9' title="bbox 0 0 1485 4590">
     <span class='ocr_line' id='line_1_40' title="bbox 0 0 1485 4590; baseline 0 0"><span class='ocrx_word' id='word_1_403' title='bbox 0 0 1485 4590; x_wconf 95' lang='lat' dir='ltr'><strong> </strong></span> 
     </span>
    </p>
   </div>
  </div>
 </body>
</html>
