2958 4584
279 345 378 417 m
523 346 527 351 ’
596 305 977 406 acicsnonis‘
1056 342 1060 351 ’

277 514 395 601 possit,
426 511 508 593 hunc
541 511 580 576 de
607 521 671 593 toto
698 511 755 595 illo
783 510 900 594 genere
930 493 1121 596 reliquarum
1154 515 1330 579 orationum

279 651 345 697 non
364 630 441 718 plus
469 632 681 716 quaesiturum
702 630 775 694 esse
802 629 876 714 quid
897 628 996 704 dicat,
1021 648 1119 713 quam
1140 628 1328 713 Polyclitum

278 749 384 828 illum,
412 769 480 815 cum
506 746 672 813 Herculem
698 747 851 831 lingebat,
879 766 971 831 quem
999 746 1040 810 ad
1066 747 1189 815 modum
1215 749 1331 834 pellem

277 877 336 961 aut
360 866 492 951 hydram
516 866 661 951 ingeret,
692 867 787 955 etiam
813 865 842 928 si
868 863 949 929 haec
974 867 1132 950 nunquam
1160 869 1329 951 separatim

280 984 609 1053 taceredidicisset:
680 1026 682 1035 .
1040 986 1043 991 “

279 1141 283 1146 -
337 1099 465 1171 ,XVIL
506 1101 556 1166 71.
588 1099 672 1164 Tum
705 1097 854 1164 Catulus:
892 1098 1062 1164 Praeclare
1094 1097 1169 1164 milri
1200 1101 1328 1177 uideris,

280 1218 598 1305 utntoni,‘posuisse,
625 1219 739 1302 inquit,
767 1226 838 1283 ante
861 1217 972 1282 oculos
994 1217 1069 1302 quid
1091 1217 1219 1283 discere
1238 1239 1330 1303 opor

279 1346 361 1402 teret
382 1335 467 1414 eum,
495 1337 548 1420 qui
575 1335 681 1400 orator
702 1345 788 1399 esset
809 1334 944 1414 futurus,
973 1335 1063 1420 qnid,
1091 1338 1185 1399 etiam
1212 1337 1331 1401 sinon

280 1453 460 1531 didicisset,
488 1473 527 1517 ex
548 1472 602 1530 eo,
629 1453 712 1547 quod
733 1452 910 1528 didicisset,
938 1461 1120 1516 assumeret.
1164 1449 1328 1517 Dednnisti

280 1574 366 1638 enim
391 1581 488 1638 totum
513 1570 671 1635 hominem
699 1571 732 1659 in
762 1569 823 1636 duo
852 1570 973 1652 genera
999 1569 1100 1634 solu'm
1128 1573 1328 1650 [causarum]

281 1700 390 1754 cetera
407 1676 649 1752 innumerabilia
667 1689 884 1752 exercitationi
902 1697 932 1751 et
950 1687 1144 1757 similitudini
1159 1687 1329 1773 reliquisti.
1403 1688 1408 1696 '

281 1803 349 1871 Sed
370 1806 441 1871 vide
468 1825 508 1870 ne
536 1807 660 1909 inistis
683 1805 812 1870 duobus.
826 1803 994 1888 generibus
1020 1803 1122 1888 hydra
1147 1804 1205 1871 tibi
1233 1808 1273 1871 sit
1300 1817 1330 1872 et
1446 1860 1447 1865 ,

281 1922 390 2008 pellis,
417 1921 569 1987 Hercules
598 1933 700 1987 antem
727 1933 757 1988 et
785 1922 852 1987 alia
877 1928 974 2009 opera
995 1925 1118 1988 maiora
1134 1927 1182 2007 ‚n'e
1210 1923 1329 1989 inillis
1446 1962 1447 1979 2

282 2039 394 2115 rebus,
422 2058 501 2124 quas
522 2042 759 2125 praetermittis,
786 2040 1009 2126 relinquantur.
1053 2039 1124 2107 Non
1150 2044 1233 2134 enim
1254 2041 1329 2106 milri

281 2158 385 2249 minus
409 2158 512 2242 operis
534 2156 657 2245 videtur
681 2157 719 2224 de
741 2159 897 2224 univorsis
920 2157 1089 2241 generibus
1111 2179 1215 2224 rerum
1237 2153 1328 2245 quam

284 2392 326 2446 ld.
338 2391 378 2445 15.
394 2390 435 2446 17.
448 2391 491 2445 26.
505 2391 548 2447 21,
567 2392 610 2446 32.
627 2391 669 2446 81.
686 2392 729 2446 st.
744 2422 779 2432 -
800 2391 887 2460 hune]
906 2391 991 2445 illum
1007 2390 1058 2461 Lg.
1072 2391 1098 2445 2.
1110 2394 1135 2448 1.
1150 2392 1190 2449 13.
1209 2393 1244 2447 32
1256 2411 1325 2448 corr.
1410 2410 1413 2416 ‘

283 2476 325 2533 36.
346 2477 398 2531 Gu.
417 2477 458 2543 3.,
477 2477 550 2545 qrrod
568 2478 735 2547 reciperem,
754 2479 806 2531 nisi
824 2477 949 2547 proxime
964 2486 1127 2545 sequeretur
1144 2477 1205 2532 illo.
1222 2507 1258 2517 —
1277 2478 1327 2531 ttlo

282 2562 397 2632 perere]
416 2562 472 2616 inv.
490 2561 542 2633 Lg.
559 2562 584 2615 2.
605 2562 647 2616 36.
667 2591 703 2603 —-
725 2561 918 2631 Polyclitum]
936 2561 1034 2638 scripsi
1051 2562 1199 2615 secundum
1216 2561 1266 2633 Lg.
1287 2562 1327 2615 13.

282 2647 324 2704 32.
342 2647 384 2704 36.
412 2647 463 2703 Gn.
483 2647 508 2701 2.
542 2647 596 2699 dlii
621 2648 700 2700 varie
723 2648 838 2712 vitiose,
854 2650 891 2700 'ut
912 2654 1004 2699 tamen
1030 2650 1042 2698 t
1065 2647 1091 2698 in
1114 2646 1235 2715 pluribus
1257 2664 1327 2699 corn·

206 2796 208 2800 ι
282 2740 387 2804 pareat.
406 2748 433 2786 v.
455 2732 490 2785 ad
508 2731 708 2798 1..21,111..-
731 2749 818 2802 quem
837 2731 879 2783 ad
896 2730 1029 2798 modam]
1051 2731 1091 2784 sic
1107 2729 1213 2783 divisim
1230 2729 1273 2784 67,
1292 2760 1328 2770 -

282 2819 376 2869 etiarn
393 2817 436 2883 st]
458 2817 498 2870 sic
514 2817 623 2872 divisim
642 2817 691 2888 ng.
703 2804 792 2882 XIX,
815 2833 929 2885 qrrnrum
952 2824 1013 2869 suut
1034 2814 1099 2869 boni
1118 2813 1143 2870 2.
1165 2814 1204 2867 13.
1219 2813 1264 2869 32.
1284 2815 1326 2868 36.

282 2898 325 2954 tta.
343 2899 385 2953 81.
411 2900 482 2955 vtct.
507 2901 558 2956 Gu.
576 2902 599 2956 1.
634 2906 727 2955 ettam
744 2900 796 2954 laec
814 2904 842 2954 st
865 2900 917 2954 Gu.
935 2900 960 2953 3.
981 2929 1017 2940 -
1044 2897 1128 2966 lraec]
1151 2897 1208 2953 doc
1229 2898 1281 2970 Lg.
1301 2900 1325 2955 6.

282 2982 317 3039 24
332 2991 405 3038 corr.
424 2983 459 3036 32
475 2993 598 3040 corr..'—-
619 2988 778 3056 nunquam]
797 3003 929 3054 unquam
946 2983 978 3036 81
999 3001 1068 3040 corr.
1243 3036 1246 3043 ,

283 3110 286 3117 .
346 3068 454 3124 ,XVll
483 3070 525 3124 71.
553 3076 697 3142 posuisse,
713 3075 818 3140 inquit,
835 3077 904 3123 ante
919 3069 1030 3137 oculus]
1048 3073 1154 3138 inquit,
1171 3087 1231 3123 cum
1243 3070 1328 3141 vulgo

180 3208 183 3212 .
259 3152 367 3219 absit,
391 3155 483 3208 addidi
508 3173 543 3208 eo
565 3156 627 3208 loco
650 3156 797 3208 secundum
819 3154 869 3226 Lg.
893 3154 919 3207 2.
943 3154 969 3209 3.
995 3155 1019 3207 6.
1044 3154 1088 3209 21.
1110 3154 1155 3210 36.
1178 3153 1220 3209 76.
1257 3161 1327 3208 ente

282 3238 382 3292 oculos
408 3243 505 3310 tepuit
526 3240 635 3295 8181.
648 3270 683 3280 —-
714 3241 879 3312 oporteret]
904 3245 1021 3311 oportet
1043 3238 1095 3309 Lg.
1118 3239 1142 3293 3.
1165 3240 1191 3294 t.
1221 3245 1328 3311 posset

282 3322 335 3376 Gn.
355 3323 378 3375 1.
395 3352 431 3366 —-
456 3330 550 3379 ettam
568 3327 611 3392 st]
633 3326 673 3378 sic
697 3325 803 3378 diru‘slm
825 3324 874 3395 ng.
897 3341 992 3377 ornnes
1010 3332 1120 3394 praeter
1139 3324 1164 3376 2.
1183 3323 1208 3377 3.
1229 3325 1255 3376 4.
1276 3323 1327 3388 tt,
1404 3380 1408 3387 ,

281 3406 346 3462 item
366 3407 417 3463 Gn.
436 3408 478 3475 3.,
501 3412 579 3479 isque
602 3410 640 3462 ite
662 3427 778 3480 semper.
815 3410 863 3462 Sic
887 3418 933 3463 aut
957 3413 1081 3487 ettamst
1103 3425 1197 3462 omnes
1217 3409 1328 3461 Gruteri

281 3492 372 3558 codd,
393 3493 455 3546 cdd.
474 3494 557 3562 antiq.
575 3494 636 3547 Ald.
655 3495 725 3548 vtes.
742 3493 836 3548 hamb.
856 3493 932 3549 Grut.
954 3491 1003 3548 Or.
1022 3493 1105 3548 Henr.
1134 3493 1207 3563 quid
1225 3497 1328 3556 ettam,

280 3580 310 3629 st
320 3575 425 3629 'Pearra
439 3576 505 3630 Enn.
523 3577 598 3631 Harl.
609 3581 646 3628 ὲ-ι,
663 3581 838 3647 assumeret]
858 3595 1009 3633 assumere
1026 3577 1094 3631 Ero.
1108 3578 1225 3632 coniecit
1236 3578 1329 3647 itaque

280 3660 378 3730 legitur
394 3662 421 3714 in
439 3660 489 3732 Lg.
505 3661 547 3715 21.
576 3661 744 3716 adsumeret
764 3665 804 3718 70.
821 3665 862 3718 73.
876 3662 919 3717 86.
937 3693 973 3704 --
991 3663 1157 3730 deduciste']
1177 3662 1332 3719 diducisti

279 3744 350 3800 Vict.
371 3762 460 3814 eoque
478 3747 552 3800 ducit
569 3748 706 3802 dilexisti
721 3750 749 3801 in
767 3748 818 3819 ng.
831 3749 873 3803 67.
909 3747 980 3801 111ιιι1
997 3748 1050 3801 iam
1067 3765 1121 3818 mg.
1140 3747 1236 3802 hamb.
1257 3766 1328 3818 rep,

278 3829 432 3897 probatque
455 3828 591 3884 Matthiae
613 3833 640 3884 in
665 3831 786 3885 Seebodi
810 3832 891 3887 Misc.
914 3832 957 3886 Cr.
977 3832 997 3888 1.
1025 3850 1051 3902 p.
1070 3832 1129 3886 681.
1152 3860 1188 3870 —-
1217 3848 1329 3902 penem

280 3912 386 3977 solunt]
410 3913 448 3964 sic
468 3913 516 3983 hg.
536 3914 560 3967 2.
580 3916 605 3967 d.
627 3915 652 3968 5.
674 3915 713 3969 13.
734 3916 773 3967 lt.
793 3916 833 3970 15.
852 3916 894 3970 16.
913 3916 954 3970 17.
972 3916 1014 3970 21.
1034 3915 1078 3970 23.
1096 3916 1139 3969 24.
1157 3915 1200 3971 35.
1219 3916 1261 3969 36.
1280 3915 1325 3971 65.

278 3992 320 4045 66.
335 3993 376 4047 70.
390 3994 433 4047 86.
446 3995 488 4048 93.
509 3994 560 4048 Gn.
575 3995 599 4048 3.
615 4002 738 4066 ‘penem
755 4016 914 4051 causarum
925 4000 1029 4053 solum
1046 3999 1071 4053 3.
1086 4000 1128 4054 20.
1144 3999 1185 4053 32.
1205 3999 1238 4051 73
1253 4017 1326 4055 corr.

278 4082 308 4129 ut
320 4075 347 4126 2.
372 4078 468 4129 solam
486 4070 538 4130 orm
556 4079 581 4131 6.
596 4077 639 4131 67.
663 4080 729 4133 Non
747 4082 837 4150 placet
855 4099 1013 4136 causarum
1031 4092 1059 4136 et
1078 4080 1154 4136 runcis
1169 4084 1276 4138 inclusi.
1290 4112 1327 4127 *-

279 4158 342 4223 sed]
362 4165 408 4211 set
424 4159 475 4228 Lg.
493 4159 590 4215 20111.
608 4163 631 4215 4.
650 4189 688 4215 —-.
711 4164 788 4231 etde]
806 4165 845 4217 slc
864 4166 957 4233 optimi
975 4165 1026 4234 Lg.
1043 4166 1070 4219 2.
1089 4168 1114 4220 d.
1136 4166 1177 4221 13.
1195 4166 1230 4221 32
1250 4184 1325 4225 corr.
