2958 4584
238 307 357 379 m
644 301 902 372 CICERONIS
974 358 978 361 ,

233 492 359 541 causo
384 472 528 558 degredi,
556 473 669 539 deiude
695 472 884 540 concludere
904 492 950 540 *ec
974 492 1134 560 perurere.
1176 471 1303 540 elxtte

257 591 338 658 hoec
361 591 484 677 quidem
505 590 708 677 reprehendo.
745 589 824 656 Sunt
845 593 928 657 euim
950 595 1101 657 concinne
1124 591 1305 668 distributa3

259 705 317 775 ee'd
342 719 463 785 minen,
494 708 528 774 id
552 708 635 794 quod
665 722 798 774 necesse
829 708 887 775 luit
916 708 1093 774 hominibus
1124 709 1304 795 expertibus

256 828 414 903 veritatis
440 845 504 891 nou
523 828 632 912 perite.
676 819 765 904 Quae
788 829 871 899 euim
890 806 1062 913 praecepta·
1080 828 1303 913 principiorum

258 953 289 1019 et
307 945 521 1010 narrationum
535 963 607 1008 esse
623 930 796 1020 voluerunt,
819 963 860 1009 ee
879 946 913 1010 iu
927 947 999 1010 totis
1017 943 1211 1010 orationibus
1232 953 1304 1009 sunt

253 1043 484 1129 conservanda.
520 1059 573 1126 82.
594 1057 675 1126 Nem
690 1079 750 1145 ego
768 1060 843 1126 milri
863 1061 1048 1127 benevolum
1067 1058 1202 1127 iudicem
1222 1034 1302 1127 leoi-
1331 1138 1339 1151 ,

257 1178 319 1245 lius
335 1178 442 1244 iecere
458 1197 586 1265 possum
604 1197 674 1243 cunr
690 1198 760 1244 sum
780 1180 813 1243 iu
830 1198 924 1244 cursu
939 1181 1101 1257 orationis,
1124 1200 1217 1264 pam
1232 1199 1302 1246 cunr

257 1298 364 1363 omnia
389 1305 461 1360 sunt
482 1295 639 1372 iueudita3
666 1295 800 1362 docilem
823 1307 939 1373 eutem,
966 1317 1030 1363 non
1057 1274 1126 1363 cum
1146 1296 1302 1384 polliceor

256 1433 306 1478 me
334 1413 626 1490 demonstraturum,
657 1413 715 1478 sed
744 1407 822 1490 tum,
853 1434 923 1480 curn
954 1415 1053 1482 doceo
1086 1425 1117 1479 et
1146 1413 1300 1499 explau03

256 1540 404 1596 attentum
435 1549 511 1596 vero
542 1529 654 1596 crebro
689 1541 757 1597 tota
788 1533 911 1598 actione
942 1531 1116 1597 excitandis
1147 1529 1300 1595 mentibus

256 1646 411 1725 iudicum,
450 1668 515 1713 non
547 1649 649 1735 prima
691 1640 929 1719 denuntiatione
961 1648 1086 1715 ellicere
1122 1667 1298 1741 possumus..

150 1761 154 1765 ’
254 1765 306 1832 83.
329 1763 395 1831 lam
415 1786 492 1832 vero
514 1767 726 1832 narrationem
748 1766 829 1851 quod
852 1766 958 1830 iubent
978 1767 1045 1831 veri
1070 1765 1203 1831 similem
1225 1784 1298 1829 esse
1355 1846 1361 1853 ⁸

255 1894 285 1950 et
313 1894 451 1970 apertum
479 1892 509 1948 et
534 1881 675 1959 brevem,
702 1892 787 1948 recte
814 1902 872 1948 nos
900 1882 1085 1959 admoueut3
1112 1883 1193 1968 quod
1218 1881 1299 1950 haec
1383 1968 1388 1975 ¹

244 2002 445 2073 ‘umratiouis
466 2002 569 2085 magis
589 2009 695 2087 putent
717 2018 789 2065 esse
810 2001 937 2085 propria
958 2018 1051 2084 quam
1071 2003 1165 2067 totius
1179 2003 1298 2067 oratio-

255 2231 395 2287 Gruberus
417 2233 570 2300 detinebat,
595 2210 724 2303 probavit
742 2232 875 2305 Meyerus
898 2235 932 2287 od
956 2233 1010 2288 Cic.
1029 2233 1108 2289 Brut.
1133 2234 1222 2301 1,1.,
1247 2236 1297 2289 sed

253 2318 306 2372 sibi
329 2336 363 2371 ue
382 2319 409 2371 in
429 2319 483 2372 hoe
504 2319 612 2387 qrridern
632 2318 702 2373 libro
726 2319 853 2377 constitit.
890 2319 1025 2389 Diltpere
1044 2328 1072 2373 et
1093 2318 1221 2390 deripere
1246 2321 1297 2373 etsi

154 2402 156 2407 ’
254 2403 315 2474 lpse
333 2420 441 2472 qnoque
459 2403 573 2457 inlibris
592 2412 726 2474 perpetuo
745 2406 899 2470 miscentur,
915 2404 982 2456 setis
1000 2412 1076 2457 certo
1092 2404 1296 2476 dignoscuntur,

253 2505 281 2543 v.
299 2487 424 2542 Lambin.
442 2490 460 2542 l.
479 2507 501 2542 e.
525 2508 551 2559 p.
570 2489 611 2544 49.
647 2488 718 2543 Nom
737 2507 788 2559 pro
809 2488 964 2559 delipendu
983 2497 1011 2563 et
1031 2487 1145 2541 delectu
1162 2506 1296 2559 persaepe

254 2573 379 2644 diltperc
397 2581 424 2625 et
442 2573 598 2638 dilectum,
623 2591 760 2642 nunquam
777 2574 835 2628 iere
855 2590 905 2644 pro
924 2571 1075 2644 diltpeudo
1099 2573 1117 2629 i.
1134 2590 1159 2630 e.
1180 2574 1296 2628 emendo

253 2657 382 2728 delicere
399 2659 528 2728 reperias.

293 2832 296 2839 ι
338 2759 380 2813 81.
417 2761 568 2827 concinne]
595 2762 730 2812 continue
753 2758 804 2829 ug.
831 2757 870 2812 13.
895 2758 929 2811 14
949 2777 1019 2814 corr.
1044 2789 1079 2799 -
1110 2756 1296 2828 expertibus]

252 2848 383 2914 expertis
402 2844 451 2915 Lg.
464 2844 507 2899 67.
524 2874 558 2884 -
579 2846 686 2916 perite]
700 2848 770 2915 pert
786 2844 837 2899 Gu.
851 2842 876 2897 3.
894 2871 928 2883 —-
944 2845 1160 2916 principiorum
1177 2846 1206 2893 et
1223 2859 1295 2894 nur-

252 2929 324 2995 rat.]
343 2929 397 2982 inv.
417 2928 467 3000 ug.
484 2928 527 2983 11.

334 3027 378 3082 81.
415 3031 480 3098 epo]
503 3036 532 3082 et
555 3047 608 3100 epo
631 3028 681 3098 lug.
703 3028 728 3081 1.
751 3027 789 3082 13.
810 3026 852 3082 36.
869 3027 913 3081 84.
939 3027 998 3081 Atd.
1022 3025 1090 3081 lunt.
1116 3026 1189 3081 Crat.
1216 3026 1295 3082 Mun.

252 3112 315 3167 add.
333 3112 367 3165 31
383 3112 433 3165 sed
450 3131 520 3167 corr.
538 3142 573 3154 -—
596 3112 772 3179 benevolum]
791 3130 891 3173 omnes,
902 3112 981 3165 codd.
1000 3115 1087 3181 peri.
1105 3141 1142 3152 -
1157 3113 1294 3184 possum]
1354 3116 1358 3122 '

249 3201 365 3270 possim
383 3198 423 3251 76.
436 3226 473 3238 -
492 3214 638 3251 crinorum
652 3201 683 3250 tu
697 3198 795 3264 cursu]
814 3198 907 3268 recepi
922 3197 1085 3266 scripturum
1104 3197 1183 3252 codd.
1202 3197 1253 3251 Gu.
1266 3197 1292 3250 3.

251 3282 323 3336 Vici.
349 3280 398 3354 Lg.
423 3283 447 3351 1.
472 3284 496 3337 4.
518 3282 558 3338 13.
583 3282 625 3336 36.
645 3282 687 3336 84.
715 3281 776 3335 Atd.
803 3281 872 3335 lunt.
898 3280 976 3336 Mon.
1001 3282 1154 3350 eodemque
1178 3282 1295 3351 pertinet

251 3368 355 3423 Hereum
380 3372 412 3421 tu
429 3383 516 3421 enrrsu
535 3368 562 3420 in
582 3366 625 3421 31.
661 3365 871 3420 commendetur
890 3366 1074 3420 concinnitate
1092 3368 1198 3437 perium
1214 3384 1294 3420 metn-

250 3452 371 3508 ltrorum.
395 3452 485 3522 Vulgo
506 3469 573 3506 cum
591 3469 657 3504 sum
675 3452 761 3505 ebest.
775 3480 810 3491 —-
828 3455 859 3504 tn
876 3452 975 3517 eursu]
997 3455 1028 3502 tu
1046 3468 1189 3505 concursu
1206 3450 1256 3523 leg.
1268 3453 1293 3507 4.

252 3536 389 3592 incursus
412 3537 463 3592 Gn.
482 3536 506 3590 1.
532 3537 657 3605 idemque
676 3541 819 3590 oratioue.
854 3540 974 3588 incursu
995 3533 1046 3605 ug.
1064 3534 1107 3588 69.
1127 3551 1179 3591 om.
1200 3536 1241 3592 76.
1260 3565 1296 3577 -·

251 3623 335 3689 sunt]
359 3625 419 3674 siut
443 3620 491 3692 Lg.
513 3621 552 3674 14.
577 3621 616 3675 15.
642 3620 684 3675 13.
707 3620 751 3676 67.
770 3622 811 3675 76.
833 3620 876 3674 81.
899 3619 967 3673 vict
986 3645 1023 3660 ·-·
1051 3636 1119 3672 cum
1137 3620 1295 3691 polliceor]

128 3748 133 3754 ·
201 3722 204 3727 '
250 3707 426 3781 &polliceor
451 3706 500 3776 ug.
525 3705 550 3759 1.
590 3706 788 3778 coupolltceor
811 3705 843 3758 81
865 3722 935 3758 corr.
967 3705 984 3757 i.
1011 3720 1035 3756 e.
1062 3703 1181 3758 sortasse
1206 3722 1295 3775 quom

151 3818 153 3821 ’
247 3793 400 3868 polticeor.
419 3821 454 3832 -
481 3791 764 3857 demonstraturum]
788 3791 1044 3843 demonstraturus
1062 3786 1113 3860 Lg.
1133 3789 1176 3845 13.
1196 3807 1247 3844 om.
1266 3797 1294 3842 et

250 3878 314 3949 odd.
331 3878 374 3931 35.
392 3906 431 3941 -,
456 3876 612 3941 attentum]
633 3876 787 3941 adtentum
803 3874 854 3946 Lg.
872 3875 914 3928 65.
933 3875 975 3929 67.
997 3873 1039 3927 70.
1061 3873 1102 3926 73.
1122 3901 1156 3915 κ-
1181 3872 1293 3940 erebro]

252 3961 341 4014 credo
355 3960 408 4030 13.
423 3977 518 4014 omues
535 3969 647 4029 proeter
662 3958 694 4011 81
709 3960 746 4026 (is
757 3957 824 4010 illud
838 3976 863 4028 p.
877 3959 950 4028 ver.)
966 3958 1019 4024 81.,
1038 3960 1103 4012 item
1114 3957 1185 4010 Vict.
1203 3956 1254 4009 Gn.
1267 3955 1293 4009 3.

251 4042 355 4098 mter
372 4044 424 4097 Gu.
446 4043 469 4097 1.
494 4043 567 4095 uude
588 4043 763 4112 corruptelae
786 4042 863 4111 origo
887 4044 1054 4114 intelligitur.
1090 4040 1189 4094 erebro
1211 4041 1293 4096 etiotu

250 4127 305 4181 Gu.
323 4126 349 4181 1.
370 4156 405 4167 -
436 4127 564 4193 actione]
589 4129 724 4181 oratioue
746 4125 796 4195 Lg.
822 4126 846 4179 4
869 4119 906 4166 ὲ-
936 4125 1169 4192 denuntiatione]
1193 4130 1292 4181 munt.
