2980 4602
421 309 479 376 DE
509 308 738 379 ORATORE
765 312 889 383 LIBER
911 315 934 383 1.
957 317 1008 384 52.
1152 316 1232 393 151

186 498 243 543 sas
266 480 434 564 variasque
459 483 615 559 rationes3
642 482 699 548 seul
722 482 808 549 uliud
830 485 990 571 quiddam,
1016 485 1112 571 longe
1135 485 1230 563 uliud,

186 593 320 672 Crasse,
343 599 529 682 quaerimus.
1068 663 1081 675 „

271 710 338 776 Lll.
373 715 446 779 223.
478 698 581 783 Acut'o
607 714 732 783 homine
759 716 851 783 nobis
883 736 959 804 opus
987 730 1035 786 est
1061 729 1092 789 et
1117 729 1231 785 natura

183 808 305 914 usuque
332 829 462 910 callido,
491 835 543 918 qui
571 836 732 918 sagaciter
751 837 941 920 pervestiget
967 835 1041 922 quid
1068 837 1117 901 sui
1143 838 1229 902 eires

184 948 269 1030 iique
296 946 455 1026 homines,
483 949 594 1035 quibus
623 952 742 1037 aliquid
769 952 902 1019 dicendo
929 952 1118 1038 persuadere
1144 951 1229 1030 velit,

185 1066 324 1148 cogitent
361 1067 496 1131 sentiant
534 1069 696 1153 opinentur
730 1079 927 1157 exspectent3
964 1079 1069 1136 teneat
1109 1079 1232 1157 oportet

182 1201 284 1246 venas
312 1182 461 1268 cuiusque
492 1187 620 1268 generis
650 1189 762 1253 aetatis
789 1187 909 1254 ordinis
935 1199 965 1253 et
993 1206 1114 1265 eorum,
1147 1185 1229 1272 apud

127 1384 140 1397 κ
183 1295 264 1383 quos
297 1298 417 1384 aliquid
448 1311 521 1384 aget
553 1311 605 1366 aut
635 1305 694 1371 erit
725 1313 1022 1401 acturus‚1nentes
1054 1321 1229 1389 sensusque

183 1400 347 1499 degustet·
384 1414 457 1481 224.
485 1416 738 1505 philosophorum
761 1431 862 1486 autem
883 1420 982 1488 libros
1002 1431 1144 1508 reservet
1165 1419 1231 1486 sibi¹

132 1590 135 1595 A
183 1532 227 1597 ad
253 1532 470 1598 huiuscemodi
492 1533 666 1601 Tusculani
691 1539 831 1620 requiem
857 1548 948 1625 atque
976 1542 1088 1607 otium:
1114 1557 1170 1614 ne,
1197 1538 1226 1607 si

108 1716 112 1723 ,
182 1649 311 1740 quarm
344 1652 374 1719 ei
406 1647 569 1715 dicendum
602 1654 661 1716 erit
692 1652 730 1716 de
757 1654 877 1721 iustitia
900 1665 937 1718 'et
966 1654 1045 1732 ide,
1076 1664 1229 1721 mutuetur

182 1786 204 1831 a
226 1764 368 1843 Platone,
392 1769 453 1851 qui,
476 1787 545 1832 cum
565 1767 646 1834 haec
664 1771 871 1855 exprimenda
888 1769 994 1835 verbis
1017 1766 1227 1846 arbitraretur,

181 1902 298 1953 novam
321 1883 589 1968 counanimis
615 1885 760 1957 inlibris
783 1889 952 1965 civitatem
978 1907 1077 1974 usque
1099 1906 1138 1953 eo
1160 1884 1226 1964 illa,

184 2019 264 2085 quae
294 2001 428 2075 dicenda
460 2003 498 2071 de
528 2005 648 2073 iustitia
672 2004 813 2089 putabat,
847 2006 975 2075 avitae
1003 2005 1224 2075 consuetudine

182 2128 213 2182 et
241 2137 260 2182 a
286 2120 443 2185 ciuitatum
469 2120 608 2186 moribus
636 2120 854 2187 abhorrebant.
906 2122 979 2189 225.
1012 2122 1104 2203 Quod
1130 2125 1158 2188 si
1185 2142 1226 2188 ea

181 2234 386 2320 probarentur
416 2238 449 2301 in
478 2237 602 2324 populis
635 2249 726 2331 atque
758 2242 791 2303 iu
814 2240 1020 2317 civitatibus,
1054 2242 1124 2327 quis
1155 2238 1223 2317 tibi,

186 2348 312 2429 Crasse,
332 2344 542 2423 concessisset
563 2355 739 2449 clarissimo
752 2359 821 2423 viro
842 2368 872 2422 et
887 2357 1079 2443 amplissimo
1096 2365 1127 2420 et
1140 2357 1226 2440 prin-

185 2468 248 2552 cipi
271 2469 421 2546 oivitatis,
448 2480 479 2534 ut
503 2472 561 2537 illa
582 2471 705 2539 diceres
728 2474 761 2536 in
782 2456 919 2538 maxima
940 2475 1084 2539 contione
1105 2481 1227 2535 tuorum

184 2586 313 2662 civium,
340 2604 420 2672 quae
448 2586 574 2655 disistit
618 2586 759 2683 „Eripite
786 2609 846 2659 nos
873 2591 1090 2666 eruiscius,
1117 2587 1226 2673 eripite

181 2835 253 2875 nom
270 2819 340 2875 vict.
358 2846 394 2862 —-
420 2825 561 2894 copiosas
580 2824 750 2894 sortesque]
773 2824 829 2878 inv.
847 2822 897 2895 Lg.
918 2824 958 2879 17.
979 2852 1015 2867 ·-
1049 2822 1145 2895 leupo]
1170 2839 1224 2878 oua

83 2909 112 2967 j
181 2904 291 2976 legii?

253 2992 325 3059 223.
362 2999 498 3047 acuto—
511 2996 622 3063 teneat]
641 3014 692 3052 om.
710 2996 761 3069 Lg.
781 2997 875 3056 55.—
841 2999 986 3068 -iiqoeJ
1006 2996 1095 3068 litque
1112 2996 1161 3070 [ις.
1182 2997 1224 3053 76.
1279 3012 1283 3017 ·

179 3078 222 3131 st.
240 3078 282 3130 84.
299 3077 395 3132 86-
359 3080 552 3146 —seotioofl
572 3080 735 3152 soiaotbg.
756 3082 849 3137 76.-
814 3085 1050 3158 Ἣεωηισοῑοηί]
1071 3089 1225 3162 capessens
1279 3157 1285 3165 ,

179 3161 230 3233 Lg-
249 3179 342 3219 ornnes
360 3164 512 3259 praeter5.
530 3164 573 3218 65.
592 3165 619 3219 it.
641 3165 692 3220 Gu
712 3160 749 3225 2.

267 3263 326 3319 ΙιΙΙ
362 3265 447 3337 opat]
473 3269 537 3335 opit
563 3267 640 3321 Cant
667 3268 702 3320 de
726 3268 777 3322 Gu.
800 3269 822 3322 l.
846 3270 915 3338 (non
935 3268 974 3336 Ι)
999 3269 1103 3340 recepit
1125 3268 1223 3323 Peorc.

179 3356 253 3421 apat
272 3349 400 3407 Crat-
424 3351 547 3418 montes]
568 3352 657 3410 nuilus
674 3353 745 3407 iiber
763 3354 806 3407 hic
825 3357 942 3410 utentis.

265 3436 324 3491 nis.
361 3454 407 3500 ne,
426 3439 465 3505 si]
487 3455 540 3492 oce
557 3443 586 3492 si
603 3441 638 3493 de
655 3441 724 3495 coni.
739 3441 868 3495 Heerenii
885 3451 913 3494 et
926 3441 1063 3495 Schuetuii
1082 3441 1225 3494 ediderunt

67 3598 71 3605 Ι
170 3530 309 3596 recente,
332 3522 414 3591 idque
435 3532 476 3577 est
493 3523 589 3595 inLg.
608 3525 650 3579 at.
671 3526 712 3580 67.
734 3545 760 3587 v
780 3526 987 3596 explicationes.
1005 3554 1039 3571 μ
1062 3527 1224 3595 mutuetur]
1335 3522 1344 3534 ¹

177 3614 311 3662 mutetur
332 3606 380 3677 bg.
403 3608 434 3661 15
450 3625 521 3664 corr
556 3617 727 3664 mutuentur
745 3611 778 3663 76
796 3629 920 3669 corr
943 3611 1149 3683 caprimenda]
1173 3628 1224 3664 en-

174 3692 310 3766 petenda
327 3692 377 3762 [ιὸ.
397 3692 414 3747 6
432 3711 501 3751 coru.
536 3693 633 3748 uerbis
649 3699 772 3767 eope-tm.
793 3697 908 3753 35eorr.
937 3695 1126 3752 coniecturam
1142 3691 1223 3748 Bokii
1327 3761 1330 3767 ,

176 3776 299 3829 obertus
317 3792 367 3847 pro
386 3776 485 3831 uerbis
507 3779 617 3835 silentio
635 3783 786 3848 praeterire
806 3798 858 3850 por
875 3789 925 3835 est.
949 3808 985 3821 -
1013 3783 1058 3848 eo]
1081 3780 1156 3835 adeo
1174 3779 1224 3850 Lg.
1275 3833 1279 3838 ,

174 3860 218 3915 86.
231 3891 267 3900 --
284 3863 377 3930 ottae]
392 3866 455 3916 viee
468 3862 518 3935 Lg.
531 3862 573 3918 55.
590 3866 665 3917 torte
676 3865 727 3919 Gn.
740 3865 764 3920 2.
775 3893 812 3906 —-
830 3867 997 3934 ciuitatum]
1010 3865 1225 3919 ciuituttsVict.
1277 3890 1279 3897 ·

264 3947 323 4002 925.
361 3951 462 4020 utque]
487 3968 524 4005 oc
545 3951 594 4020 Lg.
616 3952 654 4006 17.
674 3952 716 4006 20.
748 3959 801 4006 oct
818 3953 861 4006 at.
878 3983 914 3992 —-
941 3957 974 4006 io
991 3951 1171 4021 civitatibus]
1194 3956 1226 4006 tu

176 4049 229 4086 om.
241 4031 293 4102 ng.
306 4031 332 4086 6.
347 4033 389 4087 86.
401 4033 443 4089 at.
456 4034 499 4090 69.
511 4036 610 4090 81.’84,
625 4038 788 4106 videturque
800 4035 981 4108 probabilium
995 4053 1021 4089 v.
1034 4036 1071 4088 ud
1084 4035 1126 4100 15,
1139 4037 1226 4089 85.»-

177 4120 388 4193 ssmwetsisset]
412 4123 609 4180 consensisset
625 4121 676 4193 ug,
694 4121 729 4176 65
744 4139 814 4181 corr.
834 4121 1018 4177 conuenisset.
1035 4144 1070 4157 -
1098 4123 1127 4169 et
1138 4121 1227 4191 prise
