2942 4608
272 305 372 379 404
672 296 928 369 CICERONIS

274 490 339 539 uon
358 467 434 537 milri
456 475 599 537 oratores
619 466 775 553 antiquos,
798 467 856 534 sed
874 484 1035 535 messores
1049 465 1173 534 udatur
1192 468 1329 536 imitari

273 586 333 659 Hic
360 570 429 654 oum
456 588 617 652 arrisisset
642 587 710 672 ipsc
733 583 914 672 Sulpicius,
943 582 1000 652 Sic
1027 603 1121 670 agam
1146 584 1330 677 vobiscum,

275 707 374 792 inquit
398 702 549 781 Crassus,
575 712 622 779 ut,
650 705 798 787 quonian
823 723 873 768 me
900 702 988 788 loqui
1011 701 1173 781 voluistis,
1200 704 1330 790 aliquid

275 823 315 889 de
341 823 455 888 vestris
480 823 566 886 vitiis
594 819 740 888 audiatis.
793 817 918 885 Utinam
944 818 1085 904 qudem
1118 822 1218 907 inquit
1243 820 1324 914 ille3

274 940 308 1007 id
329 940 413 1005 euim
433 939 533 1024 ipsum
554 935 711 1003 volumus:
740 936 833 1021 idque
861 938 891 1002 si
916 936 1047 1014 feceris,
1074 936 1186 1015 multa,
1212 948 1246 1003 ut
1268 956 1326 1005 ar-

275 1056 391 1133 bitror,
417 1053 469 1120 hic
494 1052 589 1120 hodio
610 1054 689 1135 pitia
702 1072 870 1140 ponemus,
911 1052 964 1120 47.
991 1053 1035 1119 At
1060 1057 1144 1119 enim
1163 1074 1228 1121 non
1249 1056 1322 1123 siue

274 1192 345 1240 mco
371 1170 528 1259 periculo,
561 1147 698 1238 Crassus
724 1172 838 1257 inquit,
869 1155 1011 1257 possum,
1044 1168 1179 1258 Sulpici,
1210 1182 1241 1238 tc
1266 1192 1321 1239 rc-

251 1274 485 1379 ‘prehonderm
512 1291 659 1376 quoniam
683 1286 839 1355 Antonius
865 1287 942 1354 mihi
966 1300 997 1355 te
1025 1287 1216 1355 simillium
1243 1289 1322 1356 linit

275 1408 338 1475 sihi
358 1407 469 1474 uideri.
514 1403 565 1472 'lu
584 1424 676 1483 vcro,
702 1406 801 1490 inquit
821 1404 891 1483 illc,
918 1407 1066 1493 quoniam
1087 1408 1204 1473 monuit
1225 1406 1318 1484 idem,

274 1534 308 1591 ut
322 1544 372 1602 ca,
394 1543 475 1608 quae
497 1525 530 1588 iu
544 1519 666 1610 t'puoquc
685 1525 822 1588 maxima
837 1533 953 1602 essent,
976 1525 1180 1601 imitaremur3
1202 1543 1242 1589 cx
1257 1543 1318 1609 quo

275 1661 402 1719 vercor,
426 1660 466 1707 ne
487 1639 567 1705 nihil
589 1642 648 1705 sim
668 1641 714 1708 tui
734 1640 798 1705 nisi
819 1640 1051 1728 supplosionem
1070 1641 1160 1728 pedis
1182 1616 1320 1709 imitatus

276 1769 308 1828 ot
334 1744 437 1847 pauca
468 1757 623 1845 quasdam
648 1757 748 1824 verba
774 1765 805 1824 ct
833 1757 982 1845 aliquem,
1014 1761 1043 1824 si
1069 1742 1177 1836 forte,
1193 1768 1317 1826 motun.

227 1878 229 1889 ⁸
275 1876 464 1962 Ergo'ista
495 1877 595 1962 inquit
622 1872 773 1953 Crassus,
805 1894 885 1960 quae
911 1873 1012 1941 habes
1040 1894 1061 1939 a
1086 1894 1149 1952 me,
1177 1894 1242 1942 non
1266 1895 1318 1941 re·

262 1992 447 2090 prehendo,
473 2011 514 2057 nc
536 2011 585 2057 mc
607 1993 708 2077 ipsum
728 1991 878 2058 irrideam
900 1994 985 2075 (sunt
1006 2001 1110 2059 autern
1131 2011 1202 2058 moa
1222 1992 1317 2061 multo

274 2120 306 2178 et
331 2110 424 2197 plura
449 2118 480 2174 et
504 2110 641 2184 maiora,
669 2127 762 2193 ιιιιιιιιι
788 2108 902 2191 dicis);
932 2128 1020 2196 quae,
1040 2119 1144 2174 autem
1169 2120 1240 2176 sunt
1265 2119 1323 2181 aut,

215 2308 220 2315 ,
273 2239 328 2295 tua
352 2225 446 2313 plano
474 2235 527 2291 aut
551 2226 723 2291 imitatione
750 2245 790 2292 ex
817 2225 923 2313 aliquo
951 2245 1115 2313 expressa,
1144 2226 1183 2292 de
1209 2228 1250 2294 iis
1275 2237 1316 2305 to,

274 2345 378 2431 siqui
398 2363 447 2409 mo
469 2341 550 2411 sorte
560 2342 661 2417 locus
684 2342 890 2427 admonuerit,
913 2343 1126 2410 commonebo

358 2457 445 2525 XIII.
476 2457 529 2525 48
556 2457 795 2555 Praetereamus
821 2462 916 2545 igitur
941 2470 1109 2547 praecepta
1129 2458 1242 2527 Latino
1269 2460 1317 2528 lo·

274 2577 402 2667 quemi,
428 2596 508 2663 quae
529 2544 661 2662 pde'rilis'
682 2557 826 2649 doctriua
845 2578 940 2644 tradit
961 2587 992 2644 et
1013 2576 1158 2644 subtilior
1179 2580 1316 2663 cognitio

277 2717 316 2763 ac
331 2698 413 2762 ratio
430 2694 592 2759 literarum
614 2692 671 2759 alit
693 2703 745 2759 aut
762 2695 953 2760 consuetudo
975 2696 1129 2760 sermonis
1144 2695 1317 2781 quotidiani

193 2864 199 2878 .
222 2814 224 2825 “
276 2834 315 2881 ac
337 2811 516 2887 domestici,
537 2808 611 2874 libri
633 2809 814 2877 confirmant
835 2821 866 2878 et
885 2811 980 2878 lectio
1001 2821 1139 2878 vetorum
1159 2821 1317 2878 oratorum

274 3029 394 3105 dicare
405 3028 621 3101 plenissimum.
637 3053 674 3070 ·-
689 3028 820 3098 otdetar]
837 3028 949 3083 otderts
967 3027 1018 3099 Lg.
1037 3029 1077 3083 16.
1094 3027 1136 3082 73.
1153 3028 1197 3084 93.
1220 3027 1273 3083 Gu.
1287 3027 1314 3083 l.

274 3114 337 3168 Ald.
356 3112 434 3167 Mau.
452 3110 548 3171 Lamb.
571 3114 610 3166 ita
628 3127 699 3164 corr.
715 3111 766 3183 Lg.
784 3112 828 3166 tt.
845 3140 881 3154 —-
909 3114 1061 3182 quonium]
1080 3113 1131 3184 Lg.
1150 3112 1185 3166 24
1201 3130 1229 3170 v.
1247 3129 1275 3168 ιι.
1293 3120 1313 3166 ι.

273 3198 317 3255 Sd.
335 3227 370 3238 -
394 3196 542 3265 volumus]
561 3196 706 3250 coluimus
723 3195 774 3268 Ing.
795 3196 836 3252 15.

359 3284 402 3338 tt.
439 3278 674 3351 to.oero‚'tnputt
687 3279 747 3345 tlte,
764 3285 908 3351 quoniam
919 3283 1053 3350 mortuil]
1070 3283 1110 3335 sic
1124 3281 1224 3337 codicis
1237 3280 1315 3334 unius
1392 3321 1401 3333 .

274 3387 329 3442 ope
348 3366 503 3421 emendavit
520 3364 631 3431 Lamos,
651 3380 731 3433 quem
748 3375 899 3435 sequuntur
915 3366 1012 3422 Muell
1032 3363 1083 3422 Or.
1101 3366 1200 3432 Henr.;
1215 3383 1261 3420 ex
1276 3367 1315 3419 in·

272 3454 354 3526 genio
380 3450 479 3503 factam
504 3444 703 3503 correctionem
727 3459 802 3520 puto.
847 3451 935 3506 codd.
959 3468 1054 3506 omncs
1076 3459 1104 3504 et
1127 3451 1189 3506 edd
1209 3451 1315 3522 plerae-

206 3598 208 3605 ,
273 3553 327 3608 qne
352 3542 416 3589 tum
434 3533 503 3590 tile.-
527 3540 590 3587 tom
609 3533 688 3603 quod
705 3539 829 3590 monuit.
865 3535 955 3590 Paulo
975 3536 1069 3589 melius
1085 3533 1229 3589 Manutius
1253 3542 1317 3589 tum

272 3620 338 3676 illc:
362 3627 440 3684 tum,
461 3636 527 3673 cum
544 3622 666 3672 monuit.
704 3619 881 3675 Schuetnius:
906 3627 971 3675 tum
987 3620 1056 3684 tlle3
1080 3626 1112 3674 ιιι
1129 3637 1215 3684 vero,-
1237 3617 1316 3690 prod

271 3690 395 3760 molon.
410 3733 445 3745 -
463 3703 501 3757 oe
517 3706 556 3758 ra
574 3705 614 3770 re]
633 3703 671 3756 «u
686 3701 733 3758 aa
750 3710 779 3758 a
795 3704 846 3776 ng.
860 3705 903 3759 aa
917 3706 959 3761 aa
979 3705 1021 3760 os.
1039 3705 1081 3760 or.
1100 3705 1142 3760 oo.
1162 3705 1203 3760 ro.
1218 3704 1261 3759 ra.
1274 3702 1315 3759 ra

272 3789 316 3847 81.
328 3790 371 3844 st.
391 3787 444 3842 Gn.
459 3788 481 3842 l.
495 3787 531 3854 1.,
549 3786 624 3856 quod
638 3804 699 3840 cum
711 3787 825 3843 fortiore
842 3808 911 3845 souo
925 3790 1137 3857 commendetur,
1154 3791 1315 3861 reciperem,

271 3875 296 3929 si
313 3873 375 3944 plus
392 3872 436 3925 hic
452 3868 567 3925 fontium
582 3870 755 3939 antiquorum
771 3874 992 3945 suppeteret'-
1014 3875 1220 3938 admonuerat,
1236 3888 1315 3926 eom·

270 3957 407 4024 moneto]
423 3956 530 4024 qnidam
544 3954 624 4009 codd.
640 3960 806 4021 monuerim
822 3959 886 4013 dein
899 3958 1064 4015 admonebo
1076 3957 1174 4029 appo
1185 3973 1257 4013 corr.
1271 3955 1313 4011 21.

356 4038 430 4094 Xlll.
470 4037 512 4092 ts.
551 4040 654 4107 tpttor]
679 4055 748 4110 erpo
775 4040 826 4112 Lg.
851 4042 893 4098 20.
917 4071 954 4085 —-
983 4050 1036 4098 aot
1061 4040 1252 4108 consuetudol
1279 4055 1317 4097 aa

272 4138 350 4180 coac.
377 4121 428 4192 Lg.
453 4119 496 4177 at.
523 4151 554 4162 -
589 4121 777 4193 quottdtaat]
807 4127 955 4184 oottdtact
981 4144 1003 4182 s.
1032 4127 1209 4190 cotttdtaat,
1238 4124 1315 4195 quod
