2958 4584
370 288 447 386 oo
476 260 703 387 oneroso
731 316 855 389 oreon
881 318 919 387 o.
942 320 995 388 eo.
1070 338 1072 344 =
1127 322 1238 396 aar

174 498 236 571 nis,
258 493 352 558 valde
367 490 443 554 mihi
457 490 603 556 uidentur
623 508 742 555 errore.
775 484 969 576 Omninoque
992 491 1024 554 in
1042 488 1103 557 hae
1120 492 1239 559 omnio«,
1267 454 1272 470 ι

175 621 225 676 est
247 629 347 686 error,
375 607 457 694 quod
484 607 662 672 existimant
688 605 852 670 artificium
878 627 950 671 esse
977 606 1038 673 hoo
1064 610 1221 695 quoddam

148 748 238 793 onon
265 725 416 792 dissimile
440 734 628 801 ceterorum,
655 726 744 789 euius
772 705 856 789 m'odi
883 723 922 789 de
947 726 1016 810 ipso
1038 726 1105 790 iure
1133 725 1219 792 civili

176 846 320 910 hesterno
349 844 399 908 die
423 840 558 906 Crassus
586 842 729 927 componi
754 861 849 927 posse
876 840 1019 919 diceban
1046 853 1079 907 ut
1100 863 1220 927 genere

175 983 275 1028 rerum
297 963 429 1047 primum
451 969 690 1045 exponerentur,
712 960 745 1023 in
768 978 828 1044 qno
848 961 956 1024 uitium
979 968 1040 1038 est,
1068 963 1096 1025 si
1117 981 1217 1046 genus

171 1072 269 1145 'rrllrrm
286 1080 560 1165 praetermittatnr3
583 1077 695 1142 deinde
718 1075 911 1160 singulorum
932 1097 1082 1161 generum
1101 1090 1217 1166 partes,

141 1202 146 1207 “
172 1201 203 1262 in
227 1217 288 1283 quo
311 1207 342 1262 et
362 1197 476 1261 deesse
504 1186 641 1287 aliquem
661 1204 781 1280 partem
808 1205 838 1259 et
866 1214 1014 1281 superare
1036 1198 1218 1265 mendosum

172 1326 238 1392 est3
264 1324 328 1379 tum
347 1312 514 1380 verborum
536 1314 671 1378 omnium
693 1311 902 1390 definitiones,
927 1316 961 1376 in
983 1313 1093 1399 quibus
1115 1336 1216 1401 neque

172 1432 288 1498 abesse
311 1433 477 1542 quistinam
498 1430 588 1495 decet
610 1450 710 1515 neque
733 1429 918 1495 redundare.

255 1546 331 1614 XX.
371 1547 423 1614 84.
457 1545 523 1612 Sed
553 1546 614 1612 hoo
646 1549 675 1612 si
707 1550 740 1613 in
771 1549 838 1612 iure
866 1547 966 1626 civili,
1000 1551 1029 1613 si
1059 1551 1153 1616 etiam
1184 1553 1218 1616 in

138 1645 140 1649 ⁸
171 1669 279 1754 parvis
308 1664 591 1743 aut.>medioeribns
612 1664 708 1730 rebus
735 1665 893 1731 doctiores
920 1668 1047 1751 assequi
1068 1679 1215 1752 possunt:
1257 1726 1262 1731 ,

174 1806 239 1851 non
265 1784 348 1850 idem
370 1786 483 1849 sentio·
496 1793 586 1851 tantu
605 1781 665 1851 hae
692 1784 724 1847 in
746 1803 780 1848 re
802 1793 926 1868 tamque
950 1785 1104 1850 immense
1123 1806 1217 1872 posse

174 1902 250 1968 fieri.
296 1900 355 1966 Sin
376 1912 478 1967 autem
501 1902 552 1985 qui
576 1900 777 1977 arbitrantur,
801 1900 975 1966 deducendi
997 1898 1066 1968 sunt
1088 1904 1128 1969 ad
1151 1924 1217 1982 eos,
1315 1927 1320 1935 ¹

172 2022 225 2107 quui
251 2019 332 2087 haee
359 2020 493 2098 docente
522 2020 627 2084 omnia
652 2020 717 2084 iem
743 2018 899 2106 explicata
925 2031 955 2086 et
981 2021 1136 2108 perpolita
1163 2041 1217 2089 es-

170 2254 222 2324 Lg.
242 2255 281 2309 ld.
303 2255 342 2308 15.
360 2253 463 2308 9367.
488 2272 537 2324 per
560 2244 576 2306 u
597 2255 724 2308 scribitur
748 2240 840 2310 tert.
863 2255 905 2310 76.
929 2256 991 2317 edd
1016 2254 1094 2310 Man.
1117 2255 1213 2312 Lurnlt.

171 2343 358 2409 urrattuttone
374 2338 424 2409 ng.
443 2338 484 2392 93.
503 2369 540 2378 —-
558 2341 728 2412 pos-sumus]
744 2344 893 2409 posuimus
914 2339 964 2410 Lg.
983 2343 1007 2393 4.
1027 2339 1067 2395 16.

180 2460 182 2463 ’
262 2439 304 2494 83.
341 2439 419 2510 quod
436 2440 546 2507 tabent]
570 2457 660 2510 quom
677 2438 776 2493 iuberet
800 2438 849 2509 Lg.
869 2439 893 2491 9.
912 2442 937 2494 4.
964 2440 1016 2493 Gn.
1036 2440 1113 2494 1.·—
1137 2441 1217 2510 quod
1243 2472 1248 2483 ·

172 2523 259 2592 haee]
283 2529 335 2594 qut
356 2523 430 2578 lruee
452 2525 502 2595 hg.
523 2525 540 2577 9
558 2541 628 2577 corr.
651 2532 679 2576 ut
697 2522 721 2576 3.
752 2523 804 2575 sed
822 2525 874 2591 qut
896 2521 920 2576 3.
950 2528 1001 2592 qui
1015 2525 1041 2575 4.
1064 2541 1136 2577 corr.
1154 2526 1217 2581 sed.

95 2604 99 2609 “
173 2609 213 2663 13.
229 2609 270 2664 36.
297 2628 323 2680 q.
339 2617 438 2663 autem
458 2610 497 2662 17.
512 2608 554 2662 93.
575 2625 629 2660 orn.
641 2607 675 2660 39
687 2606 749 2660 add.
769 2607 829 2659 eod.
846 2623 880 2659 m.
900 2607 953 2659 sed
967 2611 1028 2678 qut,
1047 2625 1105 2662 vor.
1120 2610 1165 2663 eit.
1181 2628 1216 2666 m.

171 2698 251 2763 quia.
272 2723 302 2735 «-
322 2699 418 2748 ortuis
436 2695 491 2760 est]
510 2694 565 2746 inv.
584 2690 635 2761 Lg.
651 2690 691 2744 93.
710 2690 752 2745 81.
771 2720 807 2730 —-
828 2693 922 2759 error]
941 2709 993 2747 orn.
1007 2693 1081 2755 vict.
1100 2723 1135 2733 —-
1154 2712 1217 2747 eeoe

172 2777 237 2845 doe]
256 2782 310 2832 inv.
326 2778 480 2850 Lg.81.-
503 2776 656 2846 quoddam
674 2776 828 2846 quiddam]
843 2776 897 2847 ·Lg.
910 2778 952 2831 67.
966 2807 1001 2817 -
1024 2782 1108 2832 euius
1120 2779 1216 2848 modi]

171 2866 236 2916 etas
253 2864 338 2916 modi
355 2863 406 2916 Gn.
422 2862 446 2914 3.
462 2891 497 2900 —
516 2865 579 2923 terre
598 2861 694 2939 motti]
713 2878 765 2914 om.
779 2854 834 2932 ⁸[og.
850 2861 889 2916 14.
907 2862 946 2916 15.
960 2861 1002 2917 93.
1020 2893 1055 2902 ——
1068 2866 1216 2935 primum]

165 2952 271 3020 primo
289 2945 341 3015 [ς.
361 2948 385 3000 4.
407 2945 448 2998 16.
465 2944 508 2999 67.
526 2946 567 2999 84.
590 2976 623 2985 -
639 2942 875 3018 ,ἑωροηενθηῐηή
901 2954 1080 3020 exponerent
1102 2949 1151 3020 Lg,
1170 2949 1214 3006 93.

170 3036 359 3103 exponeretur
380 3030 452 3084 vict.
487 3025 674 3102 exponantur
688 3031 778 3107 ‘scribi
797 3029 904 3085 Baitios
927 3034 987 3086 vnit
1011 3034 1045 3087 de
1063 3033 1217 3105 temporum

169 3114 370 3182 consequentia
392 3115 497 3170 timens.
542 3115 606 3170 Nou
630 3117 699 3170 vidit
722 3117 804 3187 igitur
828 3120 1043 3190 emorerentur
1066 3136 1101 3172 err
1125 3129 1216 3173 mente

167 3201 261 3255 Crassi
286 3199 354 3265 dici,
380 3201 456 3253 coins
480 3201 558 3255 dictis
582 3202 731 3270 qnosi'soo
754 3203 888 3270 rlrroedaot
912 3202 1061 3257 observata
1081 3204 1216 3258 Antonine

167 3284 252 3338 addet
276 3288 306 3337 iu
326 3301 382 3353 quo
405 3289 513 3340 uitium
537 3293 581 3339 est
603 3294 631 3349 et
654 3303 747 3356 ueque
766 3286 868 3338 edesse
891 3291 1051 3357 quiequam
1070 3288 1160 3342 decet.
1179 3317 1214 3327 -

165 3371 440 3442 praetermittatur]
455 3374 707 3443 praetermititur
725 3370 776 3424 Gn.
792 3370 816 3424 3.
836 3399 871 3409 —-
892 3374 1010 3442 partes]
1023 3377 1126 3444 partie
1143 3390 1215 3426 corr.

169 3470 198 3507 ιι.-
208 3462 227 3507 t.
245 3453 295 3524 Lg.
310 3453 336 3507 9.
348 3455 372 3509 4.
392 3455 451 3508 siue
469 3457 639 3509 correctione
656 3455 708 3509 Gn.
723 3455 748 3507 3.
767 3454 815 3526 ng.
832 3455 871 3509 13.
885 3454 927 3509 36.
951 3464 1059 3528 partes
1075 3473 1215 3528 quaerum

169 3537 195 3591 3.
211 3537 237 3591 o.
255 3538 298 3590 94.
320 3537 354 3590 39
371 3557 441 3594 corr.
466 3549 495 3594 nt
514 3541 554 3594 13.
572 3568 608 3581 —-
636 3539 832 3608 definitiones]
854 3540 951 3609 distin.
972 3541 1051 3596 eodd.
1073 3542 1162 3609 foniti,
1186 3552 1216 3596 nt

168 3621 218 3693 ng.
230 3618 258 3674 9.
275 3622 313 3676 13.
327 3621 368 3676 91.
382 3623 424 3678 39.
446 3625 537 3679 (16.9.
558 3626 638 3689 Viuo,
659 3633 688 3677 nt
706 3625 795 3678 soleat
813 3625 871 3679 sere
890 3642 1012 3696 semper3
1032 3626 1067 3679 de
1087 3644 1142 3696 qno
1157 3643 1213 3679 nou

169 3707 288 3760 monebo
302 3707 424 3777 posthoc.
441 3741 471 3750 -
495 3710 664 3779 quiequam]
678 3709 718 3761 sie
729 3708 808 3763 XXII
821 3709 871 3781 ng.
885 3720 912 3764 et
923 3710 989 3765 boui
1001 3728 1104 3778 omnes,
1123 3711 1174 3766 Gn.
1188 3710 1212 3766 9.

255 3807 317 3862 XX.
359 3807 401 3864 84.
440 3810 598 3878 dorrttares]
630 3809 767 3864 doctores·
797 3812 849 3867 Gn.
877 3813 899 3866 l.
922 3813 947 3869 9.
975 3813 1000 3868 3.
1035 3812 1085 3884 hg.
1110 3829 1213 3868 ornnes,

168 3894 272 3947 Verum
293 3893 432 3967 invenisse
451 3894 614 3947 Lutmbinnm
637 3904 712 3965 puto.
730 3925 767 3936 -
797 3900 930 3969 assequt]
956 3899 1080 3968 adsequi
1100 3897 1151 3967 Lg.
1169 3897 1212 3952 65.

168 3979 211 4032 67.
230 3978 270 4032 76.
291 3976 332 4031 73.
359 3977 501 4046 eidemque
525 3996 588 4033 raon
613 3989 640 4034 et
658 3981 686 4048 9.
702 3981 744 4036 so.
767 3983 973 4054 adsequentur.
993 4013 1028 4025 —
1056 3982 1213 4049 immensa]

148 4066 304 4127 ,tamense
326 4060 376 4131 Lg.
397 4062 438 4116 69.
457 4092 492 4103 -
521 4064 684 4136 euplteuta]
709 4067 854 4138 explicita
876 4068 927 4121 Gn.
946 4067 970 4120 3.
988 4095 1024 4107 -
1051 4065 1213 4136 perpolita]
1314 4123 1317 4129 ,

163 4151 326 4220 1770170394
348 4145 399 4217 lug·
419 4150 444 4202 4.
470 4147 504 4204 39
521 4165 590 4227 corr.
617 4151 655 4204 ita
673 4167 744 4204 corr.
762 4150 787 4203 9.
804 4178 838 4190 -
870 4149 1071 4218 assequentur]
1096 4147 1149 4197 hoe
1167 4144 1214 4194 orit
