2942 4608
278 343 284 361 “
340 308 978 453 ,6666666666666666
1097 362 1198 438 uss
1255 378 1258 387 ·

149 527 352 617 impulissetl
396 525 485 608 Quae
514 537 563 594 est
584 529 667 593 enim
690 527 890 608 siliacense,
916 531 981 596 nisi
1001 530 1085 618 qnod
1104 530 1198 599 nobis

149 645 306 714 ethorum
327 636 575 713 'adolescentium
596 644 709 724 studio,
732 646 837 732 quite
860 649 1064 714 attentissime
1087 642 1197 716 andie-

146 773 234 842 runt,
260 782 378 866 morem
394 766 516 848 'gerere
537 762 689 829 voluistil
731 761 804 830 364.
828 762 915 830 Tum
938 764 1009 843 ille,
1035 765 1194 846 Adimerc‚

144 866 265 968 inqilit,
303 900 425 948 omnem
456 883 688 947 recusationem
719 879 839 947 Crasso
868 882 976 960 volni,
1009 902 1100 969 quem
1133 903 1197 969 ego

143 974 243 1087 paulo
270 997 411 1064 sciebam
435 996 488 1063 vel
514 998 678 1084 pudentius
703 998 755 1064 vel
782 1001 909 1066 invitine
931 999 1019 1083 (nolo
1042 1002 1124 1071 eninr
1144 1001 1213 1102 ¹¹³⁴.

144 1135 222 1183 cere
254 1116 293 1182 de
324 1124 389 1181 tarn
420 1116 511 1181 suevi
537 1114 662 1181 homine
694 1115 906 1199 fastidiosius)
938 1108 1066 1185 adhoc
1092 1125 1198 1203 genne'

68 1274 71 1283 ,
142 1234 305 1300 sermonis
332 1232 494 1299 accedere.
537 1231 621 1312 outo
647 1234 730 1299 enirn
753 1235 867 1322 poterit
892 1234 1019 1301 diceret
1045 1235 1195 1302 consula·

117 1350 120 1357 ’
142 1370 216 1417 rem
237 1369 273 1415 se
294 1369 367 1417 esse
382 1348 538 1416 hominem
560 1360 591 1415 et
611 1351 942 1419 censorinmlecdem
963 1362 1074 1419 nostre
1094 1370 1195 1419 ceusu

105 1498 110 1507 ¹
142 1478 207 1536 est.
249 1466 303 1532 An
324 1477 459 1545 aetatem
481 1465 612 1533 ederett
634 1468 839 1554 quadriennio
860 1471 962 1536 miner
982 1479 1040 1535 est.
1083 1469 1135 1535 An
1156 1489 1195 1536 se

142 1585 230 1656 lraec
255 1587 404 1651 nesciret
431 1602 511 1670 qnae
538 1603 600 1668 ego
627 1604 700 1651 sero
724 1594 808 1671 'quoe
830 1589 945 1652 cursim
968 1586 1085 1674 enipui
1111 1606 1195 1672 quoe

144 1700 318 1770 subsicivis
346 1703 465 1788 operis,
495 1703 655 1779 malunt,
688 1704 748 1767 iste
774 1720 795 1766 6
820 1721 916 1787 puero
943 1687 1062 1768 summo
1090 1702 1193 1769 studio
1222 1684 1226 1692 ¹

145 1820 278 1885 summis
310 1818 499 1884 doctoribus.
555 1815 641 1883 Nihil
672 1817 776 1884 dicam
807 1818 846 1883 de
874 1819 1023 1903 ingenio,
1055 1819 1106 1885 cui
1136 1820 1196 1907 par
1257 1818 1260 1824 ’

145 1955 243 2002 nemo
264 1935 331 2001 fuit.
373 1933 517 2002 Etenim
542 1955 592 2001 me
616 1936 769 2002 dicentem
791 1937 845 2022 qui
868 1936 1003 2000 audierit
1022 1955 1114 2003 neme
1135 1954 1195 2003 nn-

143 2072 242 2140 quam
266 2062 330 2118 tarn
355 2055 405 2119 sni
431 2052 608 2140 despiciens
634 2053 706 2131 fnit,
733 2056 809 2139 quin
835 2062 976 2140 speraret
1001 2063 1054 2119 ant
1079 2053 1193 2146 nehus

142 2180 200 2238 aut
226 2171 337 2237 eodem
362 2171 455 2237 modo
481 2189 517 2237 se
538 2191 634 2257 posse
655 2171 784 2251 dicere3
811 2168 931 2237 Crasso
957 2170 1079 2237 dicente
1099 2188 1193 2238 nemo
1240 2260 1242 2263 Ι

141 2300 211 2356 tem
242 2266 411 2372 ermogenis,
444 2290 502 2372 qui
529 2288 673 2354 similiter
704 2308 740 2353 se
771 2307 908 2372 unquam
939 2286 1089 2352 dicturum
1117 2279 1194 2354 esse

144 2496 361 2570 quadriennio]
379 2513 439 2569 pua
458 2495 584 2556 16166616
607 2499 657 2571 hg.
674 2498 718 2553 34.
742 2498 950 2554 raderamno
969 2500 1118 2571 exsculpsit
1133 2499 1196 2556 Ma·

143 2593 203 2639 nut.
222 2611 257 2625 —-
283 2598 323 2636 aa
341 2600 373 2635 66
391 2581 465 2637 6666
483 2583 610 2653 nescire]
633 2583 695 2637 Nisi
712 2582 822 2637 Nonius
844 2600 871 2639 v.
891 2581 1071 2637 66661616666
1088 2603 1115 2656 p.
1137 2585 1194 2642 171.

143 2669 185 2723 ite
207 2667 300 2721 locum
317 2666 443 2734 offerret,
461 2666 557 2732 {daem
582 2668 655 2737 quod
679 2685 697 2721 6
718 2666 798 2724 codd.
822 2667 881 2721 lere
900 2666 1026 2721 omnibns
1047 2667 1125 2723 obest
1143 2685 1196 2723 nec

143 2751 333 2807 necessarium
350 2759 406 2818 est,
428 2768 497 2805 sene
515 2768 571 2806 non
588 2751 768 2821 reliquissem.
793 2752 845 2823 ng.
864 2767 961 2806 omnes
977 2751 1119 2822 ignorent,
1142 2753 1195 2807 soli

141 2838 229 2909 igitur
246 2842 329 2889 testes
343 2844 409 2899 sunt
423 2836 499 2889 Harl.
514 2836 536 2891 l.
556 2834 652 2892 Meed.
670 2834 760 2890 Hevn.
777 2835 840 2891 19.
857 2835 909 2890 Gn.
927 2835 960 2902 1.,
977 2851 1041 2888 nom
1055 2836 1091 2890 de
1102 2835 1155 2892 Gn.
1168 2836 1195 2890 9.

99 2909 107 2920 ’
143 2923 241 2992 (quern
264 2919 293 2974 Ο.
317 2929 401 2974 vocet
422 2919 523 2989 Heni.)
551 2937 645 2974 errore
671 2929 757 2991 puto,
787 2921 834 2990 qui
862 2920 926 2973 inde
955 2920 1095 2975 attulerint
1121 2921 1195 2974 illem

141 3006 325 3076 scripturam
343 3004 371 3056 in
390 3004 594 3075 diligentissimo
611 3006 692 3072 enirn,
710 3023 764 3074 qna
781 3014 853 3072 utor,
872 3004 1020 3057 collatione
1037 3020 1094 3058 non
1110 3005 1195 3060 video

141 3086 296 3144 memorari
311 3089 461 3157 quicquam.
479 3117 515 3131 -
544 3089 669 3160 6666166]
692 3106 767 3160 quae
785 3105 839 3161 epo
857 3092 968 3154 cursim
992 3087 1043 3159 [ις.
1061 3087 1086 3144 9.
1106 3088 1194 3145 5...11

145 3175 187 3229 17.
203 3174 247 3228 99.
262 3173 304 3227 91.
320 3173 362 3227 93.
377 3173 418 3228 91.
438 3173 481 3229 35.
499 3173 541 3229 65.
560 3174 602 3230 67.
614 3174 657 3229 69.
673 3175 712 3228 116
725 3191 794 3228 corr.
809 3172 902 3228 39-
866 3171 1055 3270 -arrlpudJ
1072 3174 1198 3246 66161661

143 3258 196 3331 Lg.
210 3259 256 3314 67.
276 3258 317 3312 79.
332 3256 374 3313 73.
391 3287 428 3301 —
444 3258 613 3339 6666161616]
632 3258 703 3313 hunc
719 3259 881 3329 scripturum
899 3258 935 3311 de
952 3256 1028 3309 cuius
1045 3256 1196 3338 rationibus

144 3361 173 3400 v.
196 3344 412 3416 explicationes,
434 3332 559 3415 plerique
580 3359 702 3397 meorum
724 3343 805 3398 codd
830 3351 859 3395 ct
880 3340 1024 3396 Noninsl.
1045 3331 1068 3394 6
1092 3340 1195 3396 levent.
1257 3338 1266 3365 ⁸

144 3427 259 3501 Quippe
275 3428 358 3483 66661
374 3430 435 3483 6161
449 3426 500 3499 Lg.
518 3429 621 3482 96666.
641 3428 728 3483 6191.
749 3425 789 3480 13.
819 3425 872 3478 666
891 3428 920 3479 61
936 3427 986 3478 oud
1002 3423 1054 3477 Gn.
1071 3425 1097 3477 3.
1127 3423 1197 3478 666-

146 3517 252 3569 6161616
270 3515 295 3569 5.
317 3513 357 3570 16.
375 3512 417 3567 73.
453 3511 507 3566 666
524 3515 552 3566 61
570 3515 655 3567 cuiue
677 3511 704 3566 6.
739 3512 890 3564 6666161616
908 3508 951 3563 99.
987 3506 1133 3563 666616166
1152 3508 1196 3563 91.

146 3596 382 3654 666616161691.
418 3594 558 3650 subsicivi
575 3597 618 3652 35.
655 3594 708 3649 666
726 3590 955 3650 aamercort
991 3591 1144 3655 6666111616
1163 3590 1197 3644 76

145 3698 209 3735 ver.
234 3684 395 3735 6666161616.
430 3680 571 3737 substitui
592 3682 616 3736 4.
640 3680 683 3734 es.
719 3674 998 3733 misenantium
1034 3675 1123 3730 Ceteri
1143 3675 1197 3727 mei

148 3763 230 3816 codd.
249 3763 403 3818 6666161616
421 3764 547 3823 distincte
564 3766 696 3835 scriptum
713 3763 823 3829 babent.
838 3789 874 3801 -
893 3768 922 3814 et
939 3759 1031 3830 66166]
1048 3761 1088 3813 616
1104 3759 1156 3831 Ing.
1169 3758 1196 3814 9.

148 3846 192 3900 67.
211 3846 255 3900 69.
274 3846 315 3900 79.
333 3847 376 3900 81.
393 3846 437 3900 86.
455 3848 497 3903 93.
519 3881 550 3891 ·-
577 3848 723 3919 audierit]
744 3847 846 3903 666161
867 3845 918 3901 Gu.
935 3844 961 3899 3.
978 3873 1014 3887 -
1044 3842 1129 3914 quta]
1147 3846 1198 3913 qul
1247 3849 1251 3858 “

150 3927 201 4001 hg
221 3930 246 3984 9.
265 3932 290 3985 1.
309 3931 334 3985 5.
352 3930 378 3985 6.
399 3929 439 3981 13.
459 3929 501 3986 91.
518 3932 554 3985 91
571 3951 641 3989 corr.
661 3934 704 3988 36.
723 3933 765 3988 65.
783 3931 827 3987 81.
844 3930 887 3985 81.
914 3929 966 3984 Gn.
984 3929 1010 3985 3.
1045 3928 1116 3982 Post
1133 3944 1198 3983 con

150 4015 237 4067 trerio
253 4016 353 4069 mendo
371 4017 443 4085 qua
461 4030 512 4084 pro
530 4021 583 4087 qui
599 4017 650 4089 Lg
666 4019 691 4073 9.
706 4017 746 4073 13.
759 4016 794 4071 39
806 4032 877 4070 corr
892 4014 982 4070 36.-
947 4029 1090 4084 -puam
1107 4011 1149 4065 86.
1165 4041 1197 4056 -

151 4100 299 4171 66666661]
324 4101 500 4173 desperaret
522 4100 571 4172 Lg.
592 4101 632 4157 17.
654 4102 696 4159 81.
716 4107 878 4175 spectaret
896 4093 1197 4222 65.-6661166666]

150 4179 275 4239 audian
295 4184 346 4259 hg.
367 4185 407 4242 13.
427 4182 471 4241 36.
577 4226 581 4233 .

947 4279 993 4344 98
