2980 4602
412 316 471 383 DE
500 313 728 384 ORATORE
756 315 882 385 LIBER
902 315 926 385 1.
948 314 1002 385 24.
1082 320 1086 327 '
1175 316 1233 389 fl

180 507 292 559 rursus
315 492 520 564 santonum,
542 487 623 553 siout
643 487 784 574 plerique
804 485 982 574 philosophi
1003 485 1160 566 imment,
1183 506 1235 554 re·

182 608 335 694 pudiaret.
386 603 453 671 Sed
479 606 639 683 existimo,
666 607 779 691 inquit,
806 615 929 689 gratnm
954 613 985 671 te
1011 603 1077 688 1116ι
1104 603 1234 683 Crasse,

186 724 351 801 iacturum,
384 725 414 789 si
442 723 506 788 iste
536 724 734 810 exposueris,
768 741 849 808 qnae
875 732 966 809 putas
1000 723 1042 789 66
1067 722 1233 790 dicendum
1327 738 1332 743 ·

62 932 66 937 ⁴
183 842 252 929 plns
285 860 380 927 quam
413 843 515 927 ipsam
547 851 645 906 artem
676 860 771 927 posse
802 840 965 927 prodesse.
1016 840 1088 906 lll.
1120 839 1232 908 Dicam

185 959 344 1045 equidem,
371 960 520 1044 quoniam
541 960 677 1035 institui,
701 948 865 1044 petamqn'e
888 978 909 1025 6
928 956 1035 1036 uobis,
1056 961 1168 1045 inquit,
1190 978 1231 1026 no

182 1076 241 1143 has
270 1096 360 1142 meas
388 1078 522 1163 ineptias
551 1074 708 1155 efferatis3
736 1095 913 1162 quanquam
940 1075 1128 1143 moderabor
1153 1079 1231 1165 ipse,

183 1216 222 1260 ne
244 1205 277 1260 ut
304 1192 430 1280 qnidam
453 1196 606 1278 magister
627 1204 719 1279 atque
742 1193 868 1272 artifex,
896 1193 953 1259 sed
975 1197 1067 1280 qnasi
1085 1188 1170 1260 nnus
1192 1215 1232 1262 ex

182 1323 358 1397 togatorum
383 1331 513 1377 numera
542 1321 633 1397 atque
660 1332 700 1377 en
721 1312 840 1377 forensi
865 1332 924 1377 usu
946 1310 1040 1378 homo
1061 1312 1231 1379 mediocris
1324 1364 1328 1377 .

184 1449 283 1516 neque
312 1431 437 1496 omnino
463 1429 552 1494 rudis
573 1429 685 1495 videar
711 1422 775 1494 non'
802 1432 870 1515 ipse
898 1428 1018 1515 aliquid
1046 1450 1066 1496 a
1087 1451 1136 1496 me
1157 1450 1232 1517 pro-

183 1548 327 1633 misissel,
366 1548 423 1614 sed
455 1548 582 1613 fortuito
620 1549 653 1612 in
688 1565 863 1611 sermonem
898 1556 1034 1613 uestrum
1067 1547 1228 1614 incidisse.

184 1782 325 1853 antiquiss.
343 1793 370 1838 et
386 1783 435 1856 Lg.
450 1786 492 1841 36.
527 1784 559 1839 16
577 1784 735 1841 313184.
759 1782 866 1838 Crasse
883 1782 963 1839 lnser.
982 1799 1008 1840 o.
1044 1784 1231 1858 exposueris]

182 1873 373 1943 exposuisses
393 1870 443 1925 Gn.
460 1873 486 1925 3.
841 1898 845 1911 .

269 1956 328 2010 lll.
365 1956 499 2028 quidem]
516 1955 654 2028 equidem
671 1956 744 2009 vics.
755 1984 792 1996 —-
812 1953 959 2026 efferatis]
979 1953 1122 2025 reseretis
1138 1953 1188 2028 Lg.
1203 1955 1229 2013 3.

68 2034 70 2041 ’
182 2040 267 2111 affer·
286 2040 356 2096 Gud-
369 2042 394 2096 2.
413 2071 450 2084 -
471 2041 655 2113 mamam]
676 2043 714 2095 sc
731 2040 783 2112 ng.
796 2039 871 2096 mn.
891 2040 1230 2111 (1666767676).-

179 2126 230 2197 ne]
251 2126 372 2199 sesag.
390 2127 415 2182 a
434 2128 460 2182 6.
479 2128 521 2181 ns.
541 2128 583 2181 15.
605 2127 645 2182 m.
665 2129 708 2182 es.
727 2127 769 2182 sa
784 2126 826 2181 ss.
844 2127 887 2182 so.
903 2127 945 2182 er.
965 2126 1006 2181 m.
1020 2126 1062 2182 rs.
1077 2127 1120 2183 ss.
1136 2126 1180 2182 so.
1192 2155 1229 2168 -
1325 2132 1332 2141 ¹
1409 2132 1415 2145 ,

180 2211 284 2283 atque]
306 2218 336 2265 et
351 2212 402 2283 ng.
421 2212 464 2266 81.
482 2241 519 2252 -
547 2211 599 2283 ea]
623 2213 751 2284 vulgatur
774 2229 797 2265 e.
832 2210 904 2267 lllud
923 2211 974 2283 ng.
993 2212 1019 2266 3.
1040 2212 1083 2267 33.
1102 2214 1138 2269 33
1157 2229 1228 2268 com.

180 2297 224 2351 36.
246 2296 282 2351 U.
309 2297 339 2350 Z.
367 2297 440 2349 idem
465 2295 601 2368 significat
626 2304 672 2350 est
693 2299 735 2351 67.
762 2313 814 2350 om.
838 2296 873 2350 81
897 2297 959 2352 add.
973 2327 1015 2371 ¹-
1044 2295 1229 2368 repeterem]

181 2387 338 2435 oratorum
361 2379 412 2450 Lg.
435 2379 452 2433 3
475 2399 502 2434 v.
526 2397 552 2433 u.
576 2390 596 2434 t.
614 2383 655 2435 13.
674 2382 709 2436 33
728 2399 796 2436 corr.
818 2381 860 2437 36.
886 2382 938 2436 Gn.
958 2383 983 2437 3.
1002 2382 1038 2437 U.
1059 2384 1090 2437 Z.
1110 2403 1132 2438 ε.
1170 2382 1230 2436 Bo·

181 2481 283 2516 norum
302 2463 433 2515 librorum
457 2465 538 2534 igitur
558 2467 636 2534 penei
656 2483 753 2520 verum
776 2475 967 2520 servaverunt.
1010 2466 1174 2537 corruptele
1194 2483 1231 2519 ex

182 2564 281 2600 errore
300 2547 435 2600 scribendi
449 2552 596 2619 promisse
611 2549 702 2615 fluxit,
729 2552 803 2620 quod
826 2551 853 2604 ln
871 2552 1056 2622 prompsisse
1077 2558 1230 2605 correctum
1327 2557 1331 2564 '

182 2640 234 2686 est.
269 2648 329 2684 reon
347 2631 423 2704 ipse]
447 2649 505 2685 aon
523 2632 666 2689 delendum
684 2637 788 2689 censuit
806 2634 958 2701 Matthiae,
983 2635 1057 2705 qnod
1079 2636 1230 2705 praecessit

179 2728 236 2780 ae5
259 2715 336 2783 „Est
358 2714 550 2772 ἀνακολούθου
572 2717 657 2790 'genuus
682 2723 720 2774 ita
738 2720 900 2775 solvendum
921 2728 1003 2788 atque
1023 2718 1230 2790 explicandum:

179 2819 218 2856 rue
238 2808 273 2856 ut
296 2802 419 2872 quidam
434 2803 541 2857 -sed
561 2809 652 2874 quasi
673 2823 749 2860 onus
768 2836 805 2847 —
822 2806 926 2860 videar
949 2805 1062 2870 dicere,
1085 2811 1175 2875 alque
1195 2811 1230 2860 61

143 2885 147 2891 ’
178 2888 292 2951 videar,
316 2904 376 2940 noo
397 2891 461 2960 ipse
477 2917 513 2929 ·-
534 2890 588 2953 sed
601 2889 730 2958 fortuito
748 2909 807 2961 sqq.
827 2891 860 2945 cs.
880 2889 1033 2947 Gernhnrd.
1053 2891 1089 2944 66
1107 2889 1162 2946 06.
1181 2908 1228 2946 en·

179 2990 250 3028 enrs.
270 2989 297 3041 p.
309 2971 367 3027 lta.
385 2981 413 3026 et
429 2973 465 3027 66
483 2972 541 3028 Cat.
560 2973 602 3029 Μ.
621 2975 647 3041 3,
667 2976 711 3030 7.“
729 2974 920 3032 Hearieiesea.
957 2975 1020 3047 lpse
1039 2985 1137 3048 postea
1154 2976 1228 3032 Mat·

177 3057 254 3112 thiae
266 3057 430 3112 Ciceronemv
444 3058 568 3112 defendit
586 3059 650 3114 diss.
671 3061 706 3115 de
717 3062 830 3120 Anacol.
848 3080 892 3132 sp.
906 3061 960 3117 Cic.
981 3062 1009 3115 in
1021 3060 1119 3116 Wolfll
1138 3062 1228 3117 Anall.

176 3144 235 3198 vol.
255 3142 280 3198 3.
302 3160 328 3213 p.
347 3142 390 3197 33.
412 3170 448 3184 —-
477 3147 543 3215 ipse
566 3144 683 3214 ailquid
706 3163 726 3199 o
747 3145 807 3216 me]
832 3147 872 3200 sie
891 3148 1019 3217 vulgatur
1040 3155 1067 3201 et
1088 3148 1226 3203 6166666.

175 3238 292 3300 praeter
308 3226 366 3282 nrt.
388 3227 439 3299 Lg.
457 3228 493 3283 33
511 3229 662 3284 666666.
682 3232 707 3288 3.
743 3230 779 3284 111
798 3240 825 3284 et
841 3231 937 3286 Lamb.
954 3230 1053 3285 Muell.
1073 3229 1122 3286 Or.
1142 3231 1227 3288 Henr.

176 3318 242 3387 ipse
261 3331 281 3367 6
298 3330 346 3366 me
363 3312 488 3383 aliquid,
508 3330 611 3368 vereor
629 3332 663 3369 ne
674 3316 782 3370 fucatae
800 3316 953 3388 elegantiae
965 3317 1058 3387 specie
1070 3316 1180 3371 inducti.
1192 3345 1228 3356 —

169 3396 364 3472 promisisse]
386 3399 427 3451 sic
450 3397 501 3469 Lg.
525 3398 549 3453 3.
574 3399 642 3454 an.
661 3402 703 3454 13.
727 3402 768 3456 ll.
790 3402 832 3456 16,
856 3402 895 3456 17.
916 3400 957 3455 31.
976 3400 1020 3455 33.
1038 3402 1081 3456 el.
1101 3402 1135 3456 35
1153 3419 1225 3457 com.

175 3484 219 3539 65.
237 3484 281 3538 67.
301 3482 343 3537 69.
363 3482 404 3536 70.
424 3482 466 3538 73.
487 3484 529 3538 76.
549 3483 592 3540 81.
610 3485 651 3540 84.
669 3486 712 3541 86.
726 3485 768 3540 33.
793 3485 874 3540 Nori.
893 3485 988 3540 Mead.
1006 3486 1084 3542 Harl.
1102 3489 1127 3543 1.
1147 3487 1225 3543 Cant.

175 3567 213 3623 U.
231 3568 263 3622 Z.
281 3576 307 3635 β.
326 3586 353 3638 γ.
372 3567 399 3622 d.
418 3584 440 3622 ε.
468 3566 519 3621 Gn.
539 3569 563 3622 1.
581 3570 607 3622 3.
637 3569 696 3625 nu.
714 3572 738 3625 1.
758 3573 783 3625 3.
813 3570 903 3625 11666.
921 3572 946 3625 1.
966 3589 1007 3642 pr.
1028 3589 1062 3627 m.
1081 3574 1098 3626 3
1116 3590 1163 3626 sec
1180 3553 1227 3636 m,

176 3646 239 3708 edd.
251 3652 390 3723 anthniss.
403 3661 515 3721 praeter
531 3652 605 3708 note.
624 3654 688 3710 Sela.
706 3653 804 3711 Muell.
818 3654 867 3711 Or.
881 3656 966 3711 Henr.
997 3655 1072 3711 Idem
1089 3656 1226 3729 significat

173 3741 324 3810 promisse
345 3736 396 3808 ng.
415 3737 432 3791 3
454 3754 525 3793 corr.
550 3748 580 3792 nt
603 3741 628 3794 3.
652 3741 695 3794 16.
731 3741 824 3796 Ceteri
846 3740 896 3813 Lg.
916 3741 973 3797 nrt.
998 3761 1023 3797 6.
1047 3742 1082 3797 61.
1101 3741 1175 3798 Lott.
1198 3734 1229 3797 et

142 3880 147 3887 ,
174 3822 250 3894 vulg.
263 3822 298 3875 ab
312 3821 375 3876 Ald.
387 3820 458 3877 lunt.
464 3827 638 3895 promsisse.
667 3826 704 3878 de
719 3844 767 3878 me
781 3830 958 3899 promisisse
973 3828 1094 3898 suspicio
1106 3826 1227 3881 Penrcli.

174 3923 203 3962 v.
228 3907 437 3977 explicationes.
456 3909 495 3948 '-—
529 3907 671 3980 fortuito]
699 3910 817 3965 sortasse
843 3910 973 3981 fortuito
993 3911 1166 3967 scribendum
1190 3927 1227 3964 ex

173 3990 225 4062 ng.
245 3992 270 4046 1.
300 3990 352 4045 Gn.
371 3992 396 4047 3.
429 3991 591 4061 fortuitum
613 3993 664 4066 Lg.
683 3996 708 4050 3.
743 3997 789 4051 De
813 4015 867 4068 qun
890 3996 979 4052 forma
998 3997 1094 4065 lnsplci
1112 4004 1227 4065 possunt

173 4075 290 4146 Sylvius
308 4076 344 4130 66
361 4077 419 4131 Cic.
437 4095 464 4147 p.
484 4077 562 4131 Sulla
580 4079 792 4149 6331666611.
815 4078 942 4135 Oudend.
961 4079 997 4131 66
1014 4079 1090 4129 Suet.
1108 4077 1168 4127 Tib.
1181 4074 1224 4130 39.

172 4156 236 4217 Em.
255 4161 292 4216 ad
309 4161 374 4218 Tse.
393 4160 486 4218 Germ.
498 4161 542 4219 10.
568 4160 731 4232 Heusinger.
749 4171 778 4216 et
795 4163 902 4230 Zumpt.
922 4160 958 4213 ad
976 4159 1032 4211 616.
1050 4153 1105 4208 on.
1124 4171 1151 4221 p.
1164 4149 1224 4203 119.
1320 4154 1322 4159 ’
1364 4179 1369 4191 ·
