2968 4596
420 321 479 388 llll
506 320 738 392 ourionis
764 323 1007 396 [1111111117.
1184 332 1239 409 iii

195 494 262 560 etsi
279 502 341 557 tun
357 492 482 579 pictura
498 491 578 559 nihil
595 500 732 569 utuntur,
758 503 863 559 tanen
876 503 976 560 utrum
991 497 1094 563 sciant
1112 499 1242 584 pingere

196 629 244 676 au
267 612 409 676 nesciant
433 630 498 676 non
524 610 690 676 obscurum
716 621 784 676 est:
812 611 860 679 sic
882 613 916 677 in
936 612 1131 681 orationibus
1152 614 1242 685 lisca

199 727 278 814 ipsis
298 727 486 794 iudiciorum
507 729 684 794 contionum
705 737 848 805 senatus,
876 729 972 794 etiarn
993 732 1022 795 si
1042 734 1166 818 proprie
1188 754 1242 802 cc-

196 855 284 910 tcrae
300 865 365 911 non
379 844 586 911 adhibeantur
600 855 698 923 artes,
719 855 825 911 tumen
840 845 936 933 facile
951 846 1129 914 declaratur
1143 860 1243 919 mrum

197 963 241 1038 is,
269 963 322 1047 qui
344 962 442 1039 dicat,
470 962 679 1028 tantummodo
701 964 734 1028 in
755 962 815 1029 hoc
838 962 1063 1030 declamatorio
1086 968 1127 1033 sit
1148 989 1242 1056 opere

196 1085 347 1158 iactatus,
380 1099 422 1145 an
448 1078 491 1146 ad
517 1080 681 1146 dicendum
707 1079 850 1146 omnibus
877 1082 1023 1165 ingenuis
1051 1082 1169 1152 artibus
1194 1088 1244 1155 lu·

197 1207 332 1263 structus
355 1198 537 1264 accesserit.
779 1255 786 1272 ,

284 1312 382 1380 xvii.
418 1313 470 1381 74.
509 1312 590 1379 Tuon
611 1315 719 1380 ridens
741 1312 916 1393 Scaevola,
942 1313 1013 1384 Nou
1033 1314 1179 1385 luctabor
1197 1329 1244 1388 ta·

200 1453 283 1510 cuns,
304 1434 419 1518 inqsuit,
443 1427 575 1510 Crasse,
598 1432 741 1518 amplius.
767 1429 804 1498 ld
824 1434 907 1498 enim
927 1434 1040 1531 ipsura,
1064 1436 1147 1523 quod
1168 1457 1244 1506 con·

197 1561 251 1616 tra
270 1569 319 1615 roe
340 1549 463 1616 locutus
485 1570 535 1628 es,
563 1549 695 1616 artificio
718 1549 852 1635 quodam
874 1570 910 1615 es
932 1563 1133 1632 consecutus,
1160 1565 1193 1621 ut
1213 1566 1244 1623 ct

200 1666 280 1734 nihi
311 1686 391 1752 quae
420 1686 481 1752 ego
506 1667 623 1734 vellem
649 1687 714 1735 nou
739 1685 812 1733 csse
839 1670 974 1734 oratoris
996 1671 1187 1738 concederes
1214 1682 1245 1739 et

203 1803 246 1849 ea
266 1786 337 1870 ipsa
356 1787 462 1851 nescio
484 1785 640 1872 quomodo
662 1802 771 1851 rursus
793 1785 996 1870 detorqueres
1015 1795 1107 1872 atque
1128 1791 1246 1857 oratori
1278 1810 1283 1819 ·

199 1904 328 1988 propria
351 1903 502 1969 traderes.
552 1901 603 1970 75.
632 1900 737 1982 Quae,
768 1922 837 1967 cnm
867 1921 928 1987 ego
954 1913 1081 1989 praetor
1103 1903 1245 1974 Rhodum

199 2002 356 2087 uenissern
388 2032 419 2087 et
449 2041 519 2087 cam
550 2021 608 2087 illo
640 2039 760 2087 summo
787 2020 914 2087 doctore
940 2024 1031 2087 istius
1058 2020 1243 2111 discipliuae

200 2271 272 2325 Vici.
296 2270 349 2326 Gn.
369 2271 394 2325 1.
434 2278 464 2324 et
487 2274 515 2324 si
535 2270 577 2325 67.
596 2299 632 2312 -
664 2271 795 2343 proprie]
818 2269 857 2323 ita
878 2269 941 2326 edd.
959 2270 1097 2340 antiquiss.
1117 2274 1246 2344 (praeter

200 2354 280 2410 Med.
303 2356 478 2423 utramque),
503 2353 578 2410 illan.
597 2354 664 2410 Era.
684 2353 748 2410 Scir.
769 2352 866 2410 Mucii.
884 2354 984 2420 ilenr.;
1020 2357 1168 2425 meliusque
1186 2358 1247 2412 vui·

204 2447 270 2510 gato
293 2443 452 2509 propriae,
484 2439 556 2505 quod
579 2438 606 2491 iu
629 2439 685 2495 uri.
709 2439 809 2495 diserte
831 2441 967 2509 scriptum.
1006 2439 1070 2493 Veri
1093 2441 1181 2494 simile
1205 2451 1247 2496 cst

204 2526 330 2596 proprie
347 2522 374 2574 in
391 2521 529 2592 plerisque
546 2511 623 2575 codd.
639 2524 693 2594 legi
711 2525 835 2593 quamvis
853 2523 1005 2577 tacentibus
1022 2522 1185 2587 editoribus3
1208 2524 1247 2578 alc

89 2672 96 2683 ι
206 2609 280 2662 enim
299 2607 389 2661 solent
407 2606 469 2660 libri
487 2614 514 2660 et
531 2606 636 2677 plorimi
653 2617 681 2663 et
698 2608 818 2680 piurimis
834 2606 911 2662 locis.
929 2634 964 2646 —
999 2607 1126 2673 ceterae]
1145 2623 1180 2659 oc
1196 2606 1246 2680 lag.

201 2694 248 2749 13.
267 2711 304 2746 ae
323 2691 375 2760 ix,
395 2691 422 2746 in
442 2692 703 2761 6616161676.-
723 2691 932 2758 adhibeantur]
951 2688 1130 2744 adhibentur
1146 2689 1247 2764 Lgdtt

202 2787 234 2833 ut
252 2777 347 2848 Stoplr.
365 2776 432 2831 lunt.
447 2776 531 2844 Ero..
548 2780 625 2833 male.
644 2810 681 2820 —-
704 2779 846 2845 iactatas]
863 2781 997 2831 vasatos
1016 2774 1058 2847 bg
1084 2773 1126 2831 dii.
1144 2806 1180 2817 -
1202 2781 1248 2833 in·

200 2865 318 2936 qenais]
345 2867 472 2934 ioqeoiis
497 2862 546 2934 Lg.
569 2865 688 2934 peiores.
705 2891 741 2904 -
776 2861 1173 2930 accessirit1adaccesserii
1195 2863 1246 2938 lug.

201 2948 239 3003 15
256 2966 325 3004 corr.
361 2948 525 3003 adcessertt
544 2948 587 3004 65.
606 2949 648 3003 70.
666 2947 709 3003 82¹.

292 3073 378 3129 xvii.
414 3076 456 3128 71.
493 3081 606 3138 tectam,
633 3074 744 3144 inquii]
767 3075 806 3129 sic
825 3075 924 3129 inverti
942 3073 1090 3128 secundum
1108 3072 1158 3146 lag.
1178 3074 1202 3129 3.
1221 3074 1247 3130 3.

202 3162 229 3216 4.
249 3159 291 3214 13.
311 3160 353 3214 33.
371 3158 414 3214 36.
431 3159 474 3214 69.
493 3159 534 3214 70.
553 3159 606 3213 Gn.
621 3159 646 3214 3.
665 3187 701 3200 -—
728 3161 910 3228 consecutus]
929 3165 1122 3228 consequutus
1141 3157 1192 3229 lug.
1207 3159 1248 3213 17.

202 3244 248 3301 65.
267 3244 308 3298 76.
328 3243 485 3300 8181.-
516 3244 631 3314 vellem]
651 3245 739 3299 celim
757 3244 808 3298 Gu.
828 3244 852 3298 3.
872 3242 940 3298 Vici.
958 3242 1008 3314 Lg.
1025 3242 1051 3297 3.
1070 3259 1139 3296 corr.
1159 3250 1188 3294 ut
1208 3241 1248 3297 17.

203 3330 291 3385 313.
312 3328 433 3391 336011.
452 3327 494 3384 36.
513 3328 556 3384 67.
581 3329 680 3383 sellim
697 3331 720 3384 1.
746 3329 838 3382 celem
852 3328 885 3381 17
896 3345 966 3383 corr.
984 3356 1021 3368 —
1050 3327 1249 3398 detorqueres]

204 3415 362 3485 detorques
379 3413 430 3485 Lg.
447 3414 473 3468 3.
500 3419 650 3484 torquerer
668 3414 703 3467 34
722 3431 790 3469 corr.
817 3414 948 3483 detorque.
968 3429 1071 3466 rursm
1089 3411 1141 3466 Go.
1154 3411 1180 3466 3.

293 3541 335 3595 75.
372 3542 458 3611 quoe]
478 3540 606 3612 vulgatur
622 3538 703 3596 llaec.
730 3539 803 3594 illud
819 3538 931 3593 Mamm.
950 3540 975 3592 1.
987 3538 1012 3592 3.
1038 3536 1108 3592 Pali.
1126 3536 1199 3593 Plth.
1213 3536 1250 3593 U.

205 3626 238 3681 Z.
258 3645 285 3696 y.
310 3625 368 3680 Eri.
388 3628 413 3680 1.
432 3626 457 3681 2.
480 3626 576 3694 quibus
595 3627 730 3680 accedunt
753 3625 804 3696 Lg.
823 3624 848 3679 3.
869 3623 909 3678 13.
930 3622 962 3676 ld
978 3638 1048 3676 corr.
1068 3621 1110 3676 36.
1129 3622 1163 3676 33
1180 3639 1250 3677 corr.

205 3710 249 3765 36.
266 3710 319 3765 Gn.
333 3710 358 3765 3.
385 3709 473 3777 „Cum
488 3726 546 3765 vox
561 3709 635 3764 haec
653 3711 740 3781 (sive,
759 3708 937 3780 quotidem,
955 3707 1043 3778 quoe)
1064 3724 1081 3761 a
1098 3705 1185 3760 verbo
1202 3723 1253 3761 suo

206 3798 305 3849 irrisit
329 3795 455 3866 longiore
479 3796 603 3849 oratione
625 3804 782 3866 soporatum
805 3793 854 3861 sit,
879 3793 975 3849 Cicero
999 3791 1105 3846 addidit
1122 3789 1254 3862 philoso-

202 3857 318 3952 phiarit.
345 3880 441 3934 Simile
456 3879 642 3934 anacoluthon
659 3881 813 3934 notavimus
831 3894 853 3933 c.
875 3877 917 3944 13,
934 3876 993 3943 aa,
1011 3876 1058 3930 ubi
1075 3881 1103 3930 it.
1117 3871 1255 3928 Matthiae

179 3962 183 3969 ’
207 3964 439 4020 observationem.
466 3964 589 4020 offendit
604 3972 695 4019 tamen
714 3965 784 4019 llaec
800 3962 968 4015 abundantia
984 3961 1158 4030 interpretes,
1177 3956 1254 4011 ldeo·

208 4065 262 4118 quc
288 4049 385 4104 Lami.
413 4067 466 4106 om.
492 4048 583 4114 llaec,
611 4050 674 4107 Ald.
704 4047 773 4102 lunt.
801 4047 871 4099 vict.
900 4043 964 4098 Scit.
992 4045 1031 4096 sic
1058 4040 1255 4093 distinxerunt:

209 4132 282 4189 ilaec
297 4163 334 4177 -
352 4139 450 4190 irrisit
468 4135 519 4190 illc
539 4134 676 4205 quidam,
699 4136 734 4185 ot
750 4128 866 4193 soiedai
880 4123 1103 4196 philosophiam
1127 4119 1180 4176 (σε.
1199 4113 1256 4161 lni-

1004 4215 1026 4274 4
1036 4221 1048 4245 t
