2876 4612
355 336 415 405 DE
443 333 671 406 ORATORE
699 333 824 404 LIBER
844 334 897 403 lll.
918 336 971 405 27.
1086 338 1180 410 401
1230 382 1236 417 ε

136 515 191 573 aut
213 463 382 593 querelam,
404 510 515 573 eduma
535 524 627 593 pam
649 505 711 572 dici
732 466 812 571 nibil
833 504 915 571 solet
935 519 995 571 nec
1015 508 1126 591 potest,
1147 512 1181 571 ut

133 625 169 688 in
202 623 453 710 depeculatorem
487 625 521 688 in
546 623 738 710 proditorem
761 624 801 687 iu
826 621 1036 709 parricidam
1068 620 1181 708 quibus
1299 682 1301 687 ,
1361 618 1364 625 ’

133 742 179 805 uti
200 739 387 805 confirmatis
410 739 592 806 criminibus
615 749 750 826 oportet:
774 738 866 805 aliter
887 741 969 806 enim
991 739 1089 803 ieiuni
1110 726 1181 804 suut

134 865 226 942 atque
249 848 378 935 inanes;
417 857 489 923 167.
515 856 571 922 alii
594 866 697 922 autem
717 853 835 921 habent
855 854 1105 944 deprecationem
1127 863 1180 921 aut

111 973 382 1050 ,miserationem
405 972 462 1037 alii
482 991 559 1039 vero
582 974 734 1058 ancipites
757 972 993 1058 disputationes,
1015 969 1179 1057 inquibus

132 1087 172 1152 de
198 1090 346 1154 uniuerso
372 1107 490 1171 genere
517 1090 551 1153 in
575 1098 736 1177 utramque
761 1099 882 1176 partem
908 1089 1023 1154 disseri
1049 1089 1178 1174 copioso

132 1203 218 1270 licet.
242 1202 342 1301 “Quae
360 1205 542 1270 exercitatio
564 1225 646 1271 nuuc
666 1208 794 1292 propria
814 1205 944 1270 duarum
963 1203 1179 1290 philosophia
1231 1302 1233 1306 A
1257 1216 1262 1226 “

132 1318 218 1398 rum,'
243 1320 282 1384 de
310 1319 422 1405 quibus
450 1330 522 1386 ante
550 1321 628 1399 dini,
654 1316 797 1408 putatum
831 1320 911 1407 apud
939 1322 1083 1405 antiquos
1110 1329 1178 1387 erat

132 1446 250 1513 eoram,
274 1436 424 1522 aquibus
447 1439 548 1502 omnis
571 1436 609 1501 de
631 1436 726 1533 rebus
748 1435 927 1504 forensibus
950 1436 1081 1502 dicendi
1095 1438 1177 1503 ratio

131 1562 163 1618 et
185 1555 276 1639 copia
297 1553 469 1640 petebatur.
512 1550 560 1618 lle
581 1554 692 1619 virtute
715 1555 808 1631 enim,
828 1554 868 1619 de
890 1552 995 1618 allicio
1014 1553 1053 1621 de
1074 1572 1176 1638 aequo

90 1688 96 1691 ·
131 1676 163 1735 et
183 1668 267 1734 bono
295 1669 334 1734 de
363 1669 514 1752 dignitate
541 1668 673 1734 utilitate
694 1667 813 1736 honore
841 1656 1014 1754 ignominia
1036 1671 1177 1757 praemio

129 1802 234 1871 poena
254 1771 471 1870 similibusque
497 1785 535 1850 de
558 1784 652 1852 rebus
673 1787 708 1849 in
728 1796 889 1871 utramque
910 1794 1030 1872 partem
1050 1785 1177 1862 dicendi
1278 1852 1281 1857 ,

131 1901 254 1967 ammos
277 1912 306 1967 et
323 1902 386 1968 vim
408 1909 439 1966 et
461 1911 558 1967 artem
578 1900 697 1968 habere
720 1902 879 1968 dehemus.
912 1896 989 1967 108.
1013 1900 1079 1968 Sed
1098 1920 1176 1989 quo·

128 2017 216 2081 niam
232 2017 280 2082 dc
301 2028 412 2084 nostra
431 2020 635 2104 possessione
664 2017 786 2104 depulsi
814 2020 847 2082 in
867 2037 965 2103 parvo
993 2024 1023 2084 et
1049 2016 1174 2091 coliti-

127 2135 220 2216 gioso
244 2134 408 2220 praediolo
435 2135 539 2200 relicti
565 2136 671 2200 sumus
698 2145 729 2200 et
755 2134 889 2200 aliorum
910 2136 1037 2220 patroni
1063 2145 1174 2202 nostra

127 2257 234 2314 tenere
256 2253 397 2335 tuerique
419 2270 483 2315 non
498 2253 662 2336 posuimus,
686 2250 726 2315 ab
745 2251 795 2327 iis,
818 2249 901 2336 quod
921 2250 1174 2341 indignissimum
1210 2310 1213 2315 ,
1260 2274 1263 2281 >

128 2373 192 2440 est,
222 2368 275 2447 qai
301 2367 334 2428 in
359 2374 498 2430 nostrum
523 2367 742 2451 patrimonium
767 2345 957 2451 irruperunt,
985 2365 1069 2448 quod
1095 2384 1173 2450 opus

128 2488 179 2543 est
199 2477 291 2543 nobis
313 2489 494 2544 mutuemur.

130 2700 381 2783 depeculatorem]
406 2708 628 2785 decuplatorem
650 2708 700 2784 [ις.
723 2682 763 2770 15.
786 2714 826 2770 16.
850 2714 892 2770 76.
913 2706 955 2768 73.
978 2683 1021 2768 66.
1053 2708 1174 2785 mada-

130 2802 228 2850 torem
244 2797 286 2851 67.
306 2797 348 2851 76.
367 2827 403 2837 -
425 2797 625 2869 parricidam]
649 2815 705 2855 uno
721 2817 739 2851 r
761 2798 925 2864 Lambinus,
947 2799 1039 2866 itaque
1061 2797 1112 2868 Lg.
1133 2798 1172 2852 17.

128 2877 170 2933 33.
190 2880 232 2936 69.
259 2882 407 2952 paridem
426 2899 496 2936 corr.
513 2881 701 2953 patricidam
718 2883 780 2950 67.,
800 2892 830 2936 ut
848 2891 890 2937 est
909 2883 936 2936 iu
956 2881 1026 2936 Vict.
1044 2909 1081 2923 -
1105 2897 1174 2937 cou-

1 2955 15 2979 '
126 2961 669 3037 timeatisertme'oidee1iuv.lag.di.
1256 2993 1259 2999 ¹
1305 3014 1308 3023 .

218 3045 274 3100 167.
312 3047 350 3100 de
366 3047 479 3116 officio]
499 3066 552 3102 om.
570 3049 620 3119 Lg.
639 3050 681 3104 76.
701 3076 735 3088 -—
758 3048 901 3116 utilitate]
924 3065 976 3102 om.
995 3047 1046 3119 Ing.
1070 3044 1109 3104 15.
1127 3044 1173 3105 20.
1297 3113 1301 3121 Δ

126 3127 170 3182 93.
186 3157 222 3167 -
242 3129 394 3198 derebus]
413 3130 450 3184 de
467 3149 521 3186 om.
539 3132 634 3187 Lumb.
655 3142 682 3186 et
698 3132 749 3204 ug.
768 3131 811 3187 61.
836 3149 864 3186 v.
882 3132 1081 3201 explicationes
1098 3132 1171 3188 adl.
1208 3196 1211 3200 μ

126 3209 152 3277 2,
162 3210 188 3266 8.
201 3240 236 3251 -
253 3213 375 3268 dicendi
389 3217 518 3283 animos]
533 3218 584 3270 etsi
597 3217 748 3277 certissime
758 3216 828 3270 baec
840 3218 880 3270 sic
892 3224 955 3270 suat
966 3216 1172 3285 componendae
1222 3255 1226 3265 .

127 3297 244 3349 animos
268 3291 374 3352 etaim
393 3305 423 3351 et
441 3306 537 3353 artem
561 3304 594 3355 ia
609 3308 767 3371 tetrumque
784 3306 904 3372 portem
923 3298 1057 3362 dicendi,
1082 3306 1173 3353 tamea
1211 3347 1213 3351 .
1278 3372 1282 3379 ,

126 3387 190 3448 post
207 3379 329 3434 dicendi
346 3381 477 3453 distingui,
491 3383 526 3436 ab
545 3381 594 3438 Or.
616 3394 644 3439 et
660 3385 745 3438 lleur.
763 3401 820 3437 non
838 3378 940 3437 debuit.
971 3373 1038 3435 Non
1055 3382 1126 3436 enim
1144 3384 1172 3437 lu

126 3477 274 3530 puerorum
297 3482 375 3518 asum
399 3466 447 3519 tuli
465 3467 630 3521 adminiculo
649 3469 785 3538 egentium
804 3465 901 3519 Cicero
918 3465 1027 3545 editur.=
1052 3466 1175 3522 decenus

127 3547 246 3597 moino
269 3552 299 3599 et
321 3552 383 3602 eim
405 3548 483 3605 Mau.
504 3549 604 3605 Maell.
641 3551 767 3607 dicendo
785 3541 914 3604 ducendi
931 3554 1048 3603 enimes
1067 3550 1097 3603 ei
1113 3550 1173 3606 uim

113 3625 249 3697 ¹Walcbil
265 3624 423 3685 conlectura
441 3643 483 3687 est
497 3633 563 3689 Era.
578 3633 639 3689 niv.
659 3653 685 3704 p.
701 3635 759 3689 175.
795 3632 921 3687 diceudo
937 3633 1091 3689 alliciendi
1105 3639 1172 3690 eat·

125 3724 191 3762 moe
210 3719 238 3764 ct
255 3716 317 3767 eim
329 3713 462 3785 Purgoldi
478 3718 662 3788 suspicionem
678 3725 788 3772 secutus
808 3726 849 3770 est
862 3708 925 3772 Sch.
946 3718 974 3771 in
992 3718 1124 3784 edtmai.;
1143 3719 1170 3774 ln
1258 3724 1275 3753 ¹·
1363 3742 1367 3754 .

123 3794 188 3848 mia.
205 3794 278 3848 idem
295 3799 413 3851 animos
429 3800 568 3856 deleturus
588 3810 655 3858 erat.
697 3799 804 3858 Orelllo
821 3802 976 3873 suspectam
992 3810 1035 3856 est
1052 3809 1082 3857 et
1099 3807 1168 3858 eim.
1257 3790 1270 3802 '⁴

122 3892 150 3932 v.
170 3879 380 3956 explicationes.
440 3900 447 3907 ’

211 3962 268 4017 168.
305 3970 335 4018 et
353 3967 399 4033 co]
419 3984 452 4021 eo
477 3983 530 4023 om.
549 3964 600 4040 Lg.
619 3969 661 4026 16.
679 3969 721 4024 35.
741 3994 773 4010 -a
800 3962 908 4038 ediis]
931 3960 1035 4023 abac
1057 3964 1168 4037 [561.

121 4042 163 4100 37.
180 4045 225 4101 65.
243 4047 286 4102 67.
304 4049 346 4103 aa.
365 4050 406 4107 76.
423 4050 464 4108 73.
483 4052 524 4109 76.
542 4052 585 4109 81.
603 4054 646 4110 81.
664 4054 707 4110 aa.
725 4054 797 4108 Vict.
816 4054 868 4110 Ga.
882 4053 906 4109 1.
922 4054 949 4107 3.
964 4081 1000 4093 -
1022 4066 1096 4121 opus
1114 4049 1170 4114 esd
1239 4050 1244 4059 ’

121 4128 369 4201 meffi

916 4193 1050 4293 ae'
