2876 4612
282 304 382 378 140
673 299 941 371 'CICERONIS

284 485 338 543 aet
362 494 403 541 ex
426 479 515 560 perte
542 477 653 547 tutem,
684 480 717 536 ut
741 490 799 556 pre
825 468 979 536 dediciis
1011 489 1080 541 oum
1101 468 1249 553 Parietes
1287 480 1356 538 aui

283 604 364 659 tecta
376 591 531 666 dicimus,
559 598 612 654 aut
633 608 673 654 ex
692 598 757 655 tete
777 597 913 674 partem,
934 596 967 653 ut
988 607 1059 653 eum
1078 608 1174 653 unam
1193 599 1353 655 tiu-mam

282 713 456 794 equitatum
472 708 587 789 pepuli
608 707 747 771 Romani
769 705 915 782 dicimus,
937 714 991 771 eut
1012 725 1052 771 ex
1071 725 1134 772 uno
1155 706 1294 792 plures:

344 827 386 891 At
406 827 570 891 Romanus
591 827 699 896 home,
723 816 885 889 tamdem·
905 842 956 889 ree
978 825 1052 889 deue
1072 833 1243 905 qesiuest,

347 928 447 993 Corde
467 944 526 990 uuo
547 925 698 1006 trepidae,

281 1070 335 1128 eut
357 1080 426 1126 eum
448 1057 648 1143 expluribus
669 1055 861 1141 intellegitur
881 1075 995 1122 unum:
1104 1126 1107 1131 ,

346 1177 411 1243 Nes
433 1193 541 1240 eumue
563 1175 715 1246 Romani,
740 1177 795 1256 qui
815 1176 954 1257 iuvimus
976 1184 1048 1240 anie
1069 1175 1206 1247 Rudini,

281 1305 336 1362 eut
362 1311 544 1381 quocunque
571 1290 680 1368 mode,
705 1310 770 1356 non
795 1301 828 1356 ut
853 1291 968 1357 dictum
994 1299 1055 1367 est,
1082 1291 1116 1354 in
1142 1309 1181 1355 ee
1207 1272 1337 1373 genere

167 1478 173 1491 .
280 1411 485 1494 intellegitur,
513 1407 571 1473 sed
591 1417 624 1473 ut
644 1427 771 1473 sensum
792 1416 849 1474 est.

364 1524 479 1592 XLIII.
511 1525 583 1590 169.
615 1523 781 1590 Abutimur
806 1544 902 1612 saepe
929 1525 1023 1590 etiam
1049 1523 1146 1590 verbo
1172 1544 1237 1589 nen
1265 1533 1333 1590 tam

279 1646 444 1730 eleganter
468 1661 561 1728 quem
584 1626 621 1706 'in
645 1642 879 1719 transferendo,
908 1642 979 1717 sed,
1002 1630 1096 1707 etium
1118 1643 1148 1705 si
1168 1639 1331 1718 licentius,

278 1752 384 1830 tamen
404 1760 557 1826 interdum
577 1778 640 1824 non
661 1759 878 1845 impudentem
891 1770 924 1824 ut
945 1776 1014 1825 eum
1035 1760 1338 1841 erameniorum„

279 1900 351 1946 uem
379 1878 577 1965 prolonga,
608 1879 766 1941 minutum
791 1878 933 1940 animum
962 1895 1019 1963 pre
1049 1894 1147 1962 parvo
1182 1876 1326 1941 dicimus.

279 1974 396 2061 Verum
417 1994 476 2060 ille
495 1992 650 2060 videtisne
672 2011 745 2058 esse
766 2012 830 2057 nen
849 1982 953 2072 verbi,
975 1993 1033 2058 sed
1055 1995 1219 2072 erationis,
1241 2013 1323 2080 quae

280 2233 334 2284 uui
350 2225 400 2296 eu]
419 2242 459 2281 uu
471 2244 509 2282 eu
527 2225 579 2283 Gn.
591 2225 617 2282 3.
635 2254 672 2269 ·-
695 2226 947 2293 autteeta1aei.
967 2226 1111 2283 (16.3-
1136 2204 1190 2284 uui
1203 2248 1242 2284 eu
1252 2233 1319 2300 une]

261 2320 334 2387 ⁸uid
358 2330 412 2367 om.
433 2312 485 2367 Gn.
502 2312 528 2367 3.
545 2341 581 2354 ·-
610 2319 644 2366 ai
664 2312 834 2379 Romanus]
856 2317 890 2365 ui
912 2311 949 2365 R.
975 2311 1026 2384 bg.
1046 2313 1169 2384 plurimi,
1193 2308 1243 2368 s'ed
1267 2333 1318 2369 nen

278 2400 374 2471 optimi
390 2398 416 2452 3.
434 2399 459 2452 d.
478 2397 518 2453 13.
536 2396 578 2453 33.
594 2397 652 2465 36.,
669 2397 718 2451 sed
734 2414 790 2451 see.
807 2413 842 2449 m.
859 2396 898 2450 ita
914 2414 984 2452 corr.
1003 2397 1031 2451 in
1048 2399 1073 2452 4.
1090 2397 1133 2452 33.
1149 2426 1187 2440 —-
1211 2407 1317 2455 iumen-

278 2485 354 2552 eteI]
373 2489 436 2537 ium
453 2486 529 2537 etei
546 2480 598 2538 Ge.
617 2483 642 2538 3.
674 2485 797 2537 tametsi
813 2481 922 2550 quidam
939 2482 1048 2537 6113-
1072 2482 1264 2556 iutelleyitur]
1282 2487 1318 2540 eie

277 2568 329 2640 Lg.
350 2568 391 2623 13.
409 2567 451 2624 36.
474 2566 672 2639 mieliiyimue
687 2568 730 2622 33.
759 2566 885 2637 iutelliqd
901 2567 953 2621 Gu.
969 2567 996 2621 3.
1012 2597 1049 2608 -
1064 2584 1118 2622 noe
1135 2572 1247 2637 eunucu]
1265 2587 1316 2624 nen

277 2654 388 2709 eliditur
412 2671 427 2706 e
448 2652 476 2706 in
499 2652 580 2709 codd.
602 2653 653 2723 Lg.
672 2652 797 2708 omnibus
818 2668 870 2705 nec
892 2651 919 2704 in
937 2650 1007 2706 Viet.
1027 2652 1197 2708 Gudienisve
1221 2654 1315 2720 tribue3

278 2755 331 2795 nee
347 2737 411 2792 fieri
426 2754 478 2809 per
494 2746 548 2792 eet:
567 2754 595 2792 v.
613 2738 649 2790 ed
666 2736 687 2792 I.
705 2737 749 2803 15,
769 2735 825 2790 198.
846 2767 875 2776 -
899 2735 1045 2806 suuimue]
1061 2738 1100 2791 sie
1115 2740 1228 2808 antiquo
1244 2757 1315 2794 more

239 2856 243 2861 ·
277 2823 451 2879 scribendum
474 2839 536 2877 cese
566 2822 620 2875 iam
641 2820 737 2876 Lamb.
761 2820 994 2876 animadverteret
1019 2831 1047 2876 et
1072 2823 1112 2876 sie
1135 2834 1200 2895 post
1222 2824 1312 2879 Peare

277 2910 362 2978 vulgo
376 2905 570 2963 circumfertur.
595 2906 672 2960 Libri
688 2905 819 2975 fuimue‚·
836 2905 888 2959 Gu.
902 2908 927 2961 3.
944 2893 1128 2977 fuimuimue.
1143 2938 1180 2949 —
1197 2909 1313 2977 Rudiui!

279 3009 315 3045 ex
332 2991 399 3044 meis
416 2989 493 3043 libris
515 2989 650 3043 bonorum
672 2991 747 3044 solue
770 2990 819 3062 Lg.
841 2992 881 3045 13.
899 2992 964 3060 (etsi
984 2991 1064 3046 etium
1081 3010 1116 3047 ex
1134 2993 1187 3047 Gu.
1207 2994 1231 3050 3.
1240 2993 1312 3052 mihil

278 3074 404 3142 enotavi)
422 3090 518 3128 verum
535 3082 645 3138 servat,
669 3075 715 3126 aiii
734 3076 841 3130 Rutuli
857 3075 921 3145 (Gn.
943 3077 965 3132 l.
984 3077 1023 3145 3.)
1047 3077 1141 3132 ruliui
1157 3078 1208 3148 (5.)
1224 3080 1310 3142 velini,
1409 3126 1410 3131 ,

277 3158 414 3223 meeum,
443 3153 529 3211 rutili
534 3195 544 3221 ,
571 3155 664 3211 roliui
685 3158 740 3227 (65.
764 3159 821 3226 69.)
849 3162 976 3216 metilius.
996 3176 1033 3203 ’-
1067 3162 1255 3234 intelleeitur]
1275 3165 1311 3219 iic

275 3244 328 3318 123.
348 3243 388 3299 13.
424 3241 610 3313 ἰπίοἱὶεφείιιν
627 3243 644 3296 5
661 3259 731 3298 corr.
751 3251 781 3297 ut
799 3243 841 3299 13.
860 3284 867 3297 .

362 3361 462 3418 XLIII.
500 3361 557 3416 169.
594 3362 742 3417 interdum
769 3379 827 3417 uon
853 3364 1051 3437 impudenter]
1083 3379 1143 3420 mm
1173 3367 1309 3420 interdum

275 3447 326 3517 hg.
345 3446 386 3500 11.
407 3446 449 3500 15.
470 3445 509 3501 16.
530 3446 571 3501 17.
593 3447 636 3501 39.
655 3447 696 3502 31.
714 3447 756 3503 33.
775 3448 816 3503 34.
841 3447 884 3504 35.
903 3449 946 3503 65.
965 3449 1007 3504 69.
1027 3450 1068 3504 76.
1087 3450 1130 3505 73.
1150 3450 1192 3506 76.
1215 3450 1306 3507 8693.

198 3526 206 3536 ’
272 3530 421 3604 pudenter·
444 3531 483 3584 1111
506 3540 618 3601 praeter
642 3531 683 3588 15.
707 3532 751 3588 34.
773 3534 815 3588 65.
835 3533 894 3600 76,
919 3534 984 3587 item
1002 3533 1027 3588 5.
1045 3532 1087 3590 81.
1105 3534 1149 3588 81.
1176 3535 1228 3591 Ge.
1247 3536 1268 3592 1.
1285 3535 1306 3589 3.

144 3622 150 3633 ’
270 3615 439 3689 prudenter
460 3615 503 3669 31.
525 3615 568 3671 65.
592 3616 634 3671 78.
660 3616 731 3673 Vict.
753 3647 790 3658 —
821 3617 921 3689 Ieuuu]
948 3620 1003 3686 eie,
1026 3636 1082 3673 non
1103 3637 1231 3691 maynu,
1252 3618 1308 3674 boui

275 3701 357 3755 codd.
381 3717 491 3767 omues,
518 3701 550 3755 Z.
567 3716 628 3756 exe.
646 3703 672 3756 d.
698 3711 754 3756 tres
771 3703 840 3774 neg.
865 3703 917 3759 Gn.
935 3704 960 3759 3.
987 3702 1037 3775 Iag.
1055 3704 1081 3758 3.
1099 3706 1124 3760 d.
1152 3705 1193 3760 13.
1216 3702 1254 3763 15.
1269 3705 1305 3759 ii.

231 3842 233 3847 .
274 3785 310 3842 33
328 3802 399 3840 cerr.
418 3785 460 3841 36.
484 3785 581 3847 Victor
598 3804 625 3856 p.
643 3786 685 3842 99.
711 3786 808 3857 Steph.
831 3786 926 3843 bamb.
952 3786 1001 3844 (Ie.
1024 3788 1108 3845 fleur.
1130 3780 1220 3845 linire.
1237 3790 1306 3845 idea

273 3870 363 3927 verba
383 3887 439 3924 nen
456 3869 546 3925 hebet.
559 3901 596 3941 .··
626 3870 700 3926 haee
721 3872 832 3939 uectem]
856 3871 930 3927 haee
951 3877 1030 3929 euim
1052 3873 1191 3945 17334.
1215 3875 1252 3929 13.
1270 3872 1323 3928 15·

273 3958 309 4011 34
325 3972 395 4010 cerr.
414 3953 449 4031 33
466 3968 536 4007 corr.
556 3954 598 4009 36.
617 3955 660 4011 86.
687 3956 835 4011 (16.3-
866 3975 943 4028 quae
960 3960 1025 4027 uui]
1046 3976 1120 4029 quue
1137 3966 1208 4013 aute
1223 3958 1268 4031 Lg.
1282 3959 1303 4013 3.
1408 4006 1409 4031 ¹

276 4039 317 4091 13.
338 4037 377 4091 ld.
395 4037 437 4092 36.
473 4053 548 4107 quiae
570 4046 670 4094 eutem
694 4040 733 4094 17.
758 4040 810 4095 Gn.
827 4042 852 4097 3.
887 4041 959 4098 Mox
980 4044 1005 4099 3.
1025 4043 1112 4099 uid.
1136 4043 1179 4099 33.
1200 4049 1303 4113 mutate
1408 4040 1409 4093 i

274 4119 391 4186 beket,
416 4136 472 4176 nen
497 4125 667 4178 immutata.
703 4126 821 4181 uuuutu
847 4125 942 4185 Gu3
970 4127 1021 4199 bg.
1044 4127 1084 4184 13.
1104 4128 1147 4183 36.
1160 4128 1203 4183 >in
1220 4127 1302 4199 quibu
