2958 4584
246 288 424 408 aas
522 348 526 353 ·
633 270 906 396 ‹cicuaoms

72 509 77 523 “
104 553 108 561 .
209 578 212 589 ὅ
245 494 311 589 pns'
326 501 367 568 ad
382 502 512 567 causam
535 500 676 569 oratione
699 499 907 564 moderandus
926 499 972 580 (iu
994 504 1179 584 quo'saepe
1195 496 1313 564 bene--

245 620 385 701 volentia
412 618 454 684 ad
481 619 600 695 odium,
632 617 736 682 odium
764 628 866 704 autem
894 617 934 681 ad
959 615 1211 681 benevolentiam
1239 616 1313 680 dev

247 738 421 806 ducendum
442 738 519 818 cst),
541 745 594 800 aut
614 743 761 819 tanquam
784 732 1013 799 machinatione
1027 732 1145 817 'aliqua
1164 743 1228 797 tum
1251 732 1292 797 ad

246 852 445 924 severitatem
471 865 534 919 tum
561 852 601 916 ad
622 853 841 917 remissionem
864 852 959 915 animi
980 859 1043 914 tum
1071 849 1112 914 ad
1133 852 1291 915 tristitiam

246 986 312 1043 turn
338 972 379 1039 ad
400 972 553 1038 laetitiam
579 969 843 1053 contorquendus:
881 969 932 1034 73.
960 969 1096 1033 omnium
1123 970 1310 1033 sententia--

247 1112 315 1157 rum
330 1091 495 1174 gravitate,
518 1088 653 1152 omnium
673 1085 838 1152 verborum
856 1086 1046 1172 ponderibus
1066 1096 1114 1150 est
1132 1086 1308 1164 utendum3'

249 1208 382 1283 accedat
401 1213 521 1292 oportet
547 1205 629 1268 actio
650 1206 742 1269 varia
762 1192 930 1269 vehemens
955 1203 1051 1289 plena
1076 1205 1172 1268 animi
1197 1203 1308 1288 plena¹

248 1322 374 1412 spiritus
403 1322 499 1409 plena
524 1320 644 1385 doloris
674 1320 769 1407 plena
794 1323 946 1386 veritatis.
999 1318 1035 1384 lu
1064 1320 1130 1405 bis(
1144 1318 1291 1406 operibus
1367 1357 1369 1360 >

249 1445 278 1508 si
300 1443 379 1527 quis
395 1438 484 1504 illam
506 1448 604 1503 artem
629 1437 913 1524 comprehenderim
935 1447 968 1501 ut
992 1448 1140 1522 tauquam
1160 1435 1306 1501 Phidias·

247 1558 412 1625 Minervae
436 1557 558 1640 signum
580 1538 704 1621 efficere
726 1556 842 1641 possit:
865 1575 927 1620 non
950 1573 1026 1619 sane
1050 1575 1140 1640 quem
1163 1555 1203 1625 ad
1224 1575 1291 1620 mo-

249 1677 335 1755 dum,
358 1685 389 1741 ut
410 1676 444 1740 in
465 1673 567 1760 clipeo
588 1673 672 1737 idem
694 1674 820 1751 artifex,
843 1674 965 1738 minora
986 1671 1045 1738 illa
1067 1692 1164 1759 opera
1184 1647 1302 1738 lacere-

236 1762 351 1861 *discat
374 1791 542 1858 laborabit.

332 1907 447 1974 XVlll.
478 1907 530 1975 74.
553 1907 633 1974 Tum
654 1907 798 1974 Catadus:
822 1906 891 1987 Quo
913 1909 976 1973 ista
994 1909 1117 1973 maiora
1138 1909 1301 1974 acmirar

251 2125 401 2184 docendus
417 2151 452 2167 —-
470 2125 667 2194 dedocendus]
692 2141 744 2178 orn.
769 2123 820 2196 ug.
844 2123 878 2176 32
901 2125 963 2180 add.
999 2129 1026 2178 te
1049 2132 1094 2179 est
1115 2143 1168 2180 om.
1192 2125 1242 2180 Ga.
1268 2126 1290 2181 1.

252 2231 306 2267 om.
329 2212 376 2265 illa
394 2226 481 2279 usque
505 2209 540 2262 ad
557 2209 763 2281 reprimendas
784 2207 816 2260 81
836 2209 897 2263 add.
913 2238 948 2251 ν-
973 2217 1026 2263 aut
1045 2215 1127 2264 omni
1143 2242 1177 2249 —
1193 2212 1292 2264 neode-

248 2296 374 2364 rcadctc]
404 2313 457 2350 om.
487 2294 537 2365 Lg.
560 2294 603 2348 20.
638 2294 840 2347 neodercndus
871 2301 916 2347 cst
945 2296 969 2348 1.
997 2295 1038 2350 76.
1076 2300 1211 2349 oratione
1236 2314 1288 2371 om.

247 2382 320 2436 Vict.
337 2411 373 2421 -
393 2378 601 2447 benevolentia]
619 2380 671 2445 soli
688 2379 726 2433 sic
744 2396 866 2433 meorum
882 2378 933 2450 Lg.
951 2379 993 2433 23.
1020 2381 1070 2434 Gn.
1089 2380 1114 2434 2.
1150 2381 1191 2434 lta
1207 2381 1288 2434 scribi

221 2475 278 2521 ἵει
300 2466 371 2521 ratio
394 2464 522 2519 vocabuli
547 2464 622 2518 iubet
644 2482 678 2519 ex
703 2464 773 2526 bene
797 2474 824 2518 et
845 2463 916 2518 celle
940 2466 1098 2534 compositi,
1122 2467 1195 2535 qrrod
1214 2474 1288 2520 recte
1340 2500 1344 2507 ,
1422 2488 1430 2511 i

248 2553 312 2606 dicit
333 2551 419 2605 Kritz.
443 2549 479 2602 ad
498 2550 565 2603 Sall.
586 2549 664 2602 Catil.
683 2549 707 2603 3.
733 2567 759 2620 p.
779 2549 837 2615 18.‚
861 2557 888 2601 et
911 2557 1044 2602 testantur
1065 2550 1248 2608 Quintilianus
1267 2551 1286 2606 1.

247 2634 280 2703 5,
296 2635 332 2689 68
348 2644 376 2688 et
392 2634 502 2687 Probus
521 2652 547 2703 p.
562 2633 620 2687 327.
641 2633 667 2686 iu
685 2635 847 2688 malevolos
865 2638 878 2687 ἰ
894 2635 921 2686 in
939 2653 955 2686 c
973 2651 1135 2688 conversum
1152 2646 1235 2690 ratus.
1256 2670 1287 2679 -

248 2726 301 2775 ant
322 2721 476 2789 tanquam]
497 2734 598 2786 sequor
615 2717 741 2790 Madvigi
758 2717 982 2785 emendationem.
1017 2719 1106 2789 Vulgo
1124 2720 1184 2772 siue
1203 2720 1287 2790 signis

247 2801 420 2876 parenthesis
443 2802 530 2856 medie
552 2803 723 2874 distinguitur
742 2812 804 2873 post
823 2800 1024 2858 deducendam
1048 2809 1141 2856 estet
1164 2807 1289 2873 sequitur

133 2925 142 2935 .
249 2891 302 2959 qut
316 2894 467 2956 tanquam.
502 2885 571 2941 lllud
589 2887 746 2958 Madvigius
762 2887 869 2941 effinxit
886 2906 922 2942 ex
939 2890 1000 2944 Vet.
1020 2887 1114 2958 Stepb.
1134 2898 1162 2942 et
1179 2889 1230 2943 Gn.
1249 2889 1287 2957 3.,

247 2973 276 3026 ln
298 2971 395 3042 quibos
419 2978 462 3023 est
486 2975 537 3040 qni
552 2979 602 3034 cte
625 2973 730 3042 insigne
751 2972 916 3041 praesidium
935 2963 1066 3027 accedunt
1084 2972 1134 3044 Lg.
1152 2973 1178 3029 2.
1199 2976 1225 3027 t.
1246 2974 1279 3028 13

248 3056 290 3128 32
310 3055 369 3122 36.,
386 3056 414 3108 in
434 3054 531 3124 quibus
547 3058 585 3109 ot'
597 3057 709 3127 legitur,
731 3059 781 3124 put
797 3073 852 3109 non
872 3065 920 3111 est.
956 3058 1098 3127 Apodosin
1116 3076 1176 3112 curn
1194 3059 1287 3113 Balsio

217 3193 220 3201 ‚
247 3160 265 3195 a
276 3139 370 3195 verbis
388 3142 520 3192 omnium
532 3144 743 3193 sententiarum
760 3139 864 3207 ordior,
882 3158 933 3194 nee
945 3142 1026 3210 plene
1045 3152 1135 3196 tamen
1150 3144 1294 3215 distinguo.

208 3233 211 3239 '
248 3245 308 3281 cum
326 3223 431 3281 Orellio
450 3233 514 3277 ante
531 3241 598 3277 cnm
615 3232 667 3287 aut
685 3221 849 3287 doemone,
867 3225 916 3278 sed
934 3234 996 3278 aute
1011 3225 1063 3279 nbi
1079 3227 1177 3292 adest,
1201 3229 1287 3299 dupli·

247 3330 307 3365 cem
325 3311 446 3381 protasia
465 3327 572 3382 ponens
591 3311 704 3363 alteram
724 3309 760 3362 ab
776 3307 836 3372 ubi,
854 3310 942 3362 altera
958 3326 1001 3362 arn
1019 3328 1086 3364 cnm
1104 3312 1285 3384 incipientem.

246 3395 330 3451 Balrii
348 3395 532 3456 correctiones
550 3401 650 3446 autem
668 3394 772 3446 uncinis
788 3394 951 3447 includentis
969 3403 996 3447 et
1014 3395 1137 3450 addentis
1154 3403 1205 3468 qut
1222 3408 1287 3452 rante

247 3488 313 3536 etam
335 3486 402 3544 ant,
428 3485 473 3532 cst
495 3485 557 3549 post
580 3478 830 3548 contorquendus,
856 3485 918 3532 tum
934 3488 998 3532 onte
1015 3481 1153 3544 accedat,
1178 3483 1287 3536 minime

244 3566 417 3619 necessariae
433 3571 504 3617 sunt.

329 3648 371 3703 73.
408 3649 551 3715 omnium]
571 3654 633 3701 tam
649 3652 781 3725 omniunt
797 3646 847 3718 ug.
863 3647 901 3702 14.
923 3647 961 3701 15.
980 3646 1075 3700 811·-
1092 3653 1288 3718 pravitate—-

243 3732 408 3801 verboram]
427 3732 496 3786 baec
514 3751 566 3787 om.
585 3732 635 3804 ug.
656 3733 695 3786 17.
713 3762 749 3774 —-
772 3733 918 3800 veritatis]
936 3735 1095 3784 uarietatis
1112 3729 1161 3802 bg.
1177 3733 1195 3784 2
1213 3752 1240 3787 v.
1260 3744 1289 3788 ut

244 3817 341 3888 Stepb.
364 3817 389 3872 θ.
411 3817 449 3871 tt.
475 3816 515 3872 15.
533 3817 575 3872 23.
610 3821 777 3871 severitatis
799 3817 895 3887 Steph.
914 3834 984 3869 corr.
1005 3813 1082 3869 Man
1104 3821 1226 3870 etr-tntis·
1243 3818 1285 3872 69.

243 3903 275 3956 Sl
294 3919 321 3956 v.
342 3920 366 3956 u.
387 3911 406 3955 t.
429 3900 471 3955 93.
493 3920 529 3943 ε-
557 3906 585 3956 st
608 3905 686 3972 quis]
710 3907 738 3955 si
760 3907 813 3972 qut·
833 3901 883 3972 ug.
908 3901 932 3956 3,
954 3931 990 3941 -
1017 3878 1286 3972 conspreltcndcrtt]

243 4002 344 4056 conpr.
361 3984 411 4056 Lg.
430 3984 469 4038 15.
487 4011 522 4024 —·
540 3972 585 4052 ut]
603 3974 759 4040 necessario
776 4002 877 4054 sequor
894 3985 1003 4039 Ernesti
1020 3986 1204 4037 coniecturam
1223 4003 1288 4055 pro·
1360 3982 1363 3985 ’

242 4068 334 4122 batam
349 4066 566 4137 Wytteubacbio
583 4068 655 4124 Bibl.
677 4069 721 4126 Cr.
739 4061 882 4136 νοΙ.1.’1,
902 4068 942 4123 19.
967 4077 995 4121 et
1013 4066 1212 4121 recentioribus
1230 4065 1288 4122 edi-

159 4186 166 4199 .
242 4151 346 4205 toribus
369 4158 479 4222 praeter
502 4148 649 4217 Orellium3
680 4171 707 4209 v.
737 4154 940 4225 explicationes.
982 4153 1007 4203 A
1030 4151 1105 4203 libris
1134 4152 1213 4206 abest
1243 4160 1288 4210 ut.
