2980 4602
1271 178 1289 215 ο

268 314 355 387 m)
661 306 919 377 CICERONIS

269 488 355 556 runt,
377 457 524 544 sedentes
546 475 586 542 ab
609 479 789 543 acutissimo
812 496 891 543 sono
913 460 1012 561 nsqbe
1034 474 1075 543 ad
1093 478 1314 560 gravissimum

268 616 379 662 sonum
405 596 557 680 recipiunt
586 604 616 659 et
644 596 735 679 quasi
760 593 896 678 quodam
921 593 1013 659 modo
1041 593 1204 678 eolligunt.
1247 593 1314 662 lloc

267 733 327 781 nos
359 713 388 778 si
419 711 527 795 lacere
554 710 705 787 velimus,
738 721 809 776 ante
840 710 1084 781 condemnentur
1109 713 1150 787 ii,
1184 730 1314 796 quorum

267 819 383 898 causas
404 830 633 915 receperimus,
656 847 748 913 quam
769 828 893 903 totiens,
916 828 1059 912 quotiens
1081 829 1315 913 praescribitur,
1337 832 1338 835 ’

267 967 421 1036 paeonem
448 956 501 1011 aut
527 949 549 1025 †
576 948 753 1012 munionem
779 946 949 1010 citarimus.
1002 943 1076 1009 252.
1108 943 1200 1024 Quod
1227 948 1257 1012 si
1282 949 1316 1013 in

268 1074 375 1150 gestu,
408 1064 462 1150 qui
488 1062 614 1129 multum
639 1073 797 1153 oratorem
825 1061 1022 1137 adiuvat,«et
1048 1065 1200 1141 invoco,
1233 1084 1313 1150 quae

270 1202 334 1251 una
366 1182 499 1246 maxime
532 1180 741 1266 eloquentiam
778 1178 829 1245 vel
862 1179 1056 1245 commendat
1089 1180 1141 1245 vel
1174 1184 1313 1258 sustinet,

270 1298 437 1367 elaborare
465 1296 558 1362 nobis
584 1317 647 1363 non
674 1297 749 1362 licet
776 1315 814 1362 ac
835 1306 953 1362 tantum
977 1298 1012 1361 in
1032 1307 1160 1381 utroque
1184 1301 1314 1384 assequi

270 1436 446 1502 possumus,
472 1423 618 1501 quantum
639 1414 672 1478 in
692 1413 754 1480 bac
775 1416 846 1479 acie
869 1414 1041 1499 quotidiani
1061 1416 1197 1481 muneris
1220 1419 1314 1501 spatii

268 1531 361 1599 nobis
380 1533 484 1597 datur:
508 1541 622 1617 quanto
646 1533 747 1597 minus
770 1542 819 1597 est
840 1531 881 1597 ad
897 1532 974 1596 iuris
997 1531 1100 1598 civilis
1115 1531 1314 1616 perdiscendi
1428 1608 1437 1619 δ

269 1652 505 1735 occupationem
532 1648 805 1715 descendendumi
832 1648 914 1734 qnod
936 1657 972 1713 ¹et
998 1651 1172 1763 summatim
1196 1653 1315 1737 percipi
1376 1652 1380 1662 '

270 1769 340 1832 sine
367 1766 510 1832 doctrina
534 1775 637 1852 potest
663 1775 694 1830 et
719 1765 801 1831 banc
827 1764 922 1831 babet
948 1763 988 1830 ab
1012 1764 1077 1831 illis
1098 1765 1194 1832 rebus
1220 1767 1315 1833 dissi-

269 1883 487 1963 militudinem,
514 1882 597 1969 quod
621 1901 684 1950 vox
710 1894 740 1949 et
766 1892 874 1967 gestus
902 1880 1004 1950 subito
1033 1885 1113 1949 sumi
1136 1894 1166 1950 et
1188 1883 1313 1963 aliunde

230 2127 235 2131 ·
270 2101 473 2172 eandemque}
486 2099 612 2154 eundem
636 2098 688 2170 bg.
709 2099 750 2153 li.
777 2098 817 2155 15.
841 2100 883 2155 13.
908 2099 950 2156 76.
973 2126 1009 2141 ·-
1040 2104 1177 2172 epemui]
1202 2106 1314 2174 eperirtt

269 2187 319 2257 Lg.
338 2186 381 2243 21.
398 2215 434 2227 —
466 2185 597 2256 quodam
618 2184 720 2253 modo]
743 2185 853 2238 iunctim
876 2182 927 2255 Lg.
951 2184 994 2247 13.
1018 2185 1060 2239 uo.
1082 2185 1133 2253 81„
1149 2187 1191 2242 86.
1210 2188 1253 2242 93.
1277 2190 1315 2242 ita

270 2288 340 2325 corr.
360 2271 403 2326 76.
432 2270 577 2340 quomodo
598 2269 637 2323 15.
678 2268 740 2339 Ego
762 2285 871 2339 semper
895 2268 986 2322 scribo
1010 2270 1135 2337 divisim,
1162 2282 1191 2326 ut
1214 2273 1314 2338 omnio,

219 2375 223 2382 ·
272 2373 387 2425 quorum
400 2363 492 2425 partes
509 2371 586 2407 uuam
602 2362 716 2422 utraque
730 2354 787 2406 vim
801 2354 928 2419 retinent,
947 2353 1022 2408 velut
1040 2371 1097 2425 quo
1112 2357 1212 2422 modo,
1230 2375 1315 2427 qutun

271 2440 314 2495 ad
330 2440 468 2503 modum,
486 2455 577 2508 quam
593 2437 629 2492 ob
646 2455 719 2493 rem.
736 2465 773 2477 —
798 2437 956 2508 colliquut]
975 2438 1125 2510 coulipuui
1142 2440 1191 2512 Lg.
1210 2443 1252 2497 65.
1271 2443 1313 2499 76.

270 2525 312 2579 73.
327 2554 366 2577 -,
381 2528 409 2578 ei
423 2523 537 2593 faeere]
556 2524 611 2579 inv.
631 2522 679 2593 bg.
694 2522 735 2577 16.
750 2523 793 2577 66.
808 2522 850 2576 76.
866 2522 1011 2577 7386-
1031 2525 1165 2594 uelimus]
1182 2527 1315 2582 uolumus

269 2608 497 2681 1666893·-
528 2609 569 2676 ii]
593 2607 627 2660 bi
648 2607 697 2679 bg.
715 2606 758 2662 84.
787 2605 882 2660 (16.2.
918 2605 964 2661 lu'i
988 2608 1039 2663 Gu.
1060 2609 1137 2664 1.-
1161 2614 1316 2664 totiens-

271 2694 478 2765 quotieuolulc
495 2692 545 2763 Lg.
564 2709 675 2757 onmes,
695 2691 766 2747 Vict.
785 2691 837 2745 Gu.
858 2691 881 2765 1.
899 2691 1028 2760 2(modo
1048 2693 1155 2760 qnidam
1173 2710 1224 2763 per
1242 2712 1267 2758 c,
1287 2703 1317 2748 ut

269 2778 319 2850 bg.
337 2777 380 2832 81.
407 2777 458 2833 Gn.
478 2777 525 2843 l.)‚
542 2794 571 2832 v.
590 2775 626 2831 od
643 2776 741 2843 6123.
758 2805 795 2817 —
814 2774 1045 2848 praescribitur]
1063 2776 1116 2830 boc
1134 2794 1185 2847 pro
1201 2778 1316 2848 vulgato

265 2860 466 2934 perscribitur
490 2860 625 2913 dederunt
649 2859 726 2915 Man.
751 2860 864 2926 Lemb,
890 2860 1067 2931 probantibus
1091 2858 1210 2914 Pearcio
1233 2861 1318 2929 Hein-

272 2943 364 3000 dorlio
388 2944 424 2998 od
447 2943 515 2998 Hor.
541 2944 629 2999 Serm.
654 2943 676 2999 l.
697 2946 729 3011 3,
747 2945 771 2999 7.
800 2943 907 2999 ssrellic
934 2945 1009 3009 aliis3
1032 2945 1103 2998 udde
1127 2947 1317 3003 auctoritatem

270 3029 321 3101 Lg.
336 3031 361 3084 6.
382 3030 414 3084 lt
425 3046 496 3083 corr.
514 3028 556 3082 81.
593 3027 792 3085 combureris.
828 3028 960 3083 scribunt
978 3029 1011 3082 76
1027 3046 1092 3085 v.u.
1107 3039 1125 3084 t
1143 3060 1180 3071 —
1200 3035 1318 3085 munio·

270 3115 350 3182 nem]
367 3115 407 3168 sic
426 3122 473 3167 aut
491 3117 686 3167 munitionem
703 3112 770 3185 (Lg.
787 3114 829 3168 711.
845 3114 890 3182 76)
914 3118 947 3167 iu
962 3118 1101 3168 ustionem
1119 3114 1187 3185 (93.)
1204 3102 1318 3170 munio:

270 3216 335 3265 rem
352 3199 426 3269 (cod.
446 3197 578 3265 Turnebi)
597 3200 731 3253 eniortem
750 3198 793 3269 (y)
811 3198 891 3252 codd.
912 3207 940 3252 et
957 3198 1042 3270 vulgo
1060 3200 1140 3267 edd,
1158 3201 1316 3270 corruptela

271 3285 423 3340 manifesto.
461 3282 692 3338 Miuuriiiouem
713 3283 853 3355 corrigunt
871 3282 1015 3336 Turnebus
1033 3284 1181 3340 ‘Animadm
1201 3284 1222 3339 1.
1241 3286 1266 3339 2
1291 3292 1319 3337 et

273 3369 436 3446 Slrmondus
452 3369 488 3423 ad
499 3368 594 3423 Sidon.
610 3368 700 3440 Apoll.
715 3384 778 3438 epp.
795 3365 885 3431 11.1.;
904 3367 1022 3421 Talneus
1038 3368 1225 3433 Nomionem,
1242 3368 1318 3438 bym-

271 3471 336 3508 num
359 3456 387 3508 in
404 3454 559 3525 Apollinem
582 3453 793 3524 interpretetus,
816 3468 931 3520 quornm
955 3452 1023 3506 illud
1040 3454 1075 3507 de
1095 3463 1190 3521 cantus
1207 3468 1318 3523 genere,

271 3537 325 3591 boc
343 3539 379 3592 de
401 3526 481 3593 cantu
500 3537 609 3591 omnino
627 3554 683 3591 non
701 3537 807 3591 dicitur.
844 3535 897 3589 dlii
922 3534 957 3590 de
974 3536 1097 3607 pedibus¹
1107 3537 1227 3592 metricis
1246 3536 1318 3607 cogi·

270 3630 371 3687 terunt,
388 3623 466 3676 velnt
478 3622 616 3677 Gesnerus
633 3625 726 3676 etium
744 3625 852 3684 ionem,
870 3620 1033 3691 Buenavius
1049 3637 1242 3693 monopeuem
1259 3621 1276 3676 1.
1293 3637 1317 3674 e,

272 3706 411 3777 epitritum
426 3715 550 3776 qnortum
568 3708 746 3777 corrigentes.
777 3703 905 3760 Omnium
922 3704 1108 3760 infelicissima
1126 3716 1168 3761 est
1182 3705 1321 3761 Frenuelil

270 3791 364 3865 nescio
387 3791 463 3843 cuius
479 3793 598 3861 suspicio
615 3793 891 3845 murmurationem.
920 3788 1070 3844 Lambinus
1089 3790 1232 3846 annotavit
1248 3805 1319 3854 esee,

270 3873 316 3943 qul
340 3878 474 3928 uomium
497 3875 579 3929 scribi
602 3875 690 3929 velint
711 3875 859 3930 secundum
880 3873 1052 3929 Athenaeum
1066 3892 1164 3947 genus
1186 3872 1320 3927 contionis

275 3957 315 4008 sic
333 3957 527 4027 appellantem.
564 3957 596 4012 16
619 3958 656 4011 ab
671 3959 819 4013 Scbuetnio
839 3969 867 4014 et
882 3958 1022 4014 Muellero
1045 3968 1193 4030 receptum·
1227 3953 1323 4026 Μᾶεῑὸ

271 4037 415 4111 probabile
433 4050 477 4094 est
491 4058 629 4103 uomum,
655 4042 728 4110 quod
747 4039 854 4097 ssrellio
880 4053 909 4098 et
927 4042 1020 4100 Balsio
1038 4044 1144 4115 placet,
1171 4039 1321 4097 secundum

272 4120 402 4181 Pbotiurn
419 4121 491 4179 Bibl.
511 4142 539 4195 p.
556 4124 616 4195 320.
635 4124 662 4181 b.
681 4141 710 4185 v,
726 4127 762 4181 13
775 4123 870 4184 Bekk.
916 4131 919 4135 ’
