2942 4608
401 322 461 396 ltu
489 322 716 397 ORATORE
744 320 1001 397 [1611111196.
1123 334 1219 408 435

173 501 285 587 inquit,
319 497 434 566 oblitus
460 519 512 577 es,
545 497 679 577 Crasse,
709 498 878 565 Antonium
904 500 950 573 ita
974 501 1120 587 partitum
1145 520 1219 569 esse

171 627 287 696 tecum,
308 627 342 683 ut
362 619 429 704 ipse
452 618 687 682 instrumentum
709 618 844 683 oratoris
866 626 1048 705 exponeret,
1070 618 1128 684 tibi
1149 620 1219 686 eius
1254 602 1258 607 ¹

114 812 117 819 .
172 734 401 822 distinctionem
428 743 520 820 atque
546 743 687 800 ornatum
708 733 922 820 relinquerett
965 733 1025 802 Hie
1051 737 1122 815 ille,
1149 737 1220 803 Pri-

172 871 268 931 mum,
296 858 365 939 quis
386 851 525 917 Antonio
547 852 703 937 permisit,
729 852 841 936 inquit,
869 860 903 918 ut
926 862 957 918 et
977 857 1075 940 partis
1098 855 1220 922 iaceret

172 979 204 1035 et
224 979 324 1034 utram
344 968 441 1036 vellet
460 971 547 1056 prior
566 970 635 1055 ipse
658 975 817 1044 sumerett
854 966 975 1037 Deinde
999 973 1115 1056 ego'si'
1131 982 1218 1040 recte

170 1087 329 1164 intellexi,
353 1106 423 1152 cum
442 1084 537 1152 ualde
558 1084 692 1152 libenter
709 1086 863 1166 audirem,
876 1087 962 1161 ¹mibi
984 1091 1146 1156 coniuncte
1169 1097 1219 1157 est

171 1206 261 1270 uisus
294 1202 333 1268 de
365 1211 496 1288 utraque
527 1222 564 1268 re
597 1204 736 1271 dicere-
768 1201 827 1270 llle
859 1225 952 1284 vero,
985 1207 1085 1291 inquit
1098 1244 1102 1272 η
1116 1204 1218 1287 Cotta,

172 1328 357 1388 ornamenta
383 1321 535 1387 orationis
561 1340 625 1386 non
651 1322 753 1406 attigit
777 1342 879 1408 neque
907 1343 978 1389 eam
1004 1322 1145 1403 laudem,
1178 1344 1219 1391 ex

172 1457 237 1524 qua
260 1437 441 1523 eloquentia
465 1456 580 1503 nomen
605 1441 704 1524 ipsum
734 1439 860 1505 invenit.
903 1438 1010 1506 Verba
1030 1442 1142 1526 igitur,
1168 1444 1219 1531 in-

173 1558 239 1641 quit
260 1550 410 1634 Crassus,
438 1551 514 1620 mibi
541 1554 667 1647 reliquit
693 1553 868 1634 Antonius,¹
895 1577 962 1633 rem
982 1561 1050 1645 ipse
1079 1561 1218 1646 sumpsit.

171 1672 245 1739 367.
268 1650 350 1738 'lum
367 1670 497 1751 Caesar,
519 1670 558 1737 Si
580 1671 663 1757 quod
684 1670 843 1737 difficilius
866 1681 914 1737 est
934 1673 994 1751 tibi
1013 1674 1148 1760 reliquit,
1171 1683 1220 1744 est

172 1785 280 1877 nobis,
306 1791 418 1875 inquit,
449 1809 549 1856 eausa
575 1797 685 1856 curte
713 1787 822 1854 audire
851 1792 1029 1875 cupiamus;
1056 1793 1107 1857 sin
1134 1792 1218 1878 quod

173 1907 314 1985 facilius,
344 1906 402 1972 tibi
435 1926 533 1972 causa
563 1927 628 1973 non
659 1915 708 1992 est
739 1925 795 1972 cur
822 1925 961 1973 recuses.
1010 1904 1050 1973 Et
1078 1904 1218 1989 Catulus,

172 2022 276 2103 Quae
304 2023 388 2110 quod
409 2024 526 2102 dixisti,
549 2025 662 2110 inquit,
686 2019 817 2101 Crasse,
841 2025 870 2089 si
891 2022 943 2090 bic
964 2023 1058 2091 hodie
1081 2010 1164 2112 apud
1184 2035 1217 2094 te

171 2161 382 2219 maneremus,
411 2151 442 2206 te
469 2161 586 2208 morem
618 2139 710 2207 nobis
739 2160 811 2206 esse
838 2152 998 2226 gesturum
1028 2143 1148 2209 nihilne
1177 2143 1219 2213 ad

170 2259 263 2325 iidem
281 2268 367 2323 tuam
386 2267 477 2343 putas
496 2259 677 2343 pertineret
721 2254 803 2320 Tum
825 2254 917 2322 Cotta
936 2259 1058 2336 ridens,
1081 2259 1217 2325 Possem

172 2374 240 2453 tibi,
262 2375 369 2458 inquit,
392 2370 519 2450 Crasse,
541 2371 730 2450 concedere3
753 2371 811 2435 sed
830 2373 913 2450 vide,
933 2392 974 2438 ne
997 2373 1072 2459 quid
1087 2372 1220 2443 Catulus
1260 2377 1263 2380 ’

170 2492 311 2586 attulerit
330 2477 516 2574 rebgionis.
549 2484 635 2574 Opus
661 2486 722 2553 boc
749 2470 927 2554 censorium
952 2499 1009 2556 est.
1052 2489 1089 2556 ld
1117 2501 1219 2558 autem

173 2725 291 2779 32e01'r.
306 2723 348 2778 36.
375 2720 469 2777 mtebt
479 2726 588 2794 partes
604 2719 656 2777 Gn.
670 2720 694 2775 3.
714 2721 820 2776 omissis
834 2729 869 2776 nt
883 2729 919 2778 et.
947 2728 977 2777 et
993 2739 1045 2779 om.
1060 2722 1103 2778 it.
1119 2725 1160 2781 76.
1174 2704 1218 2781 93.
1240 2788 1245 2795 ἢ

172 2810 240 2864 illud
257 2818 343 2863 totum
361 2814 390 2861 et
406 2814 508 2865 utram
523 2806 612 2860 uellet
625 2810 712 2878 prior
728 2811 793 2879 ipse
811 2816 940 2863 sumeret
957 2807 1078 2879 om.‚ltg.
1093 2811 1125 2864 i.
1135 2808 1218 2882 did.

173 2890 399 2948 3261636.-
431 2908 484 2962 epo
503 2889 549 2960 st]
575 2891 613 2943 sie
635 2891 734 2944 inverti
756 2892 904 2946 secundum
926 2893 976 2964 Lg.
996 2891 1021 2948 2.
1045 2892 1085 2948 13.
1109 2892 1151 2950 32.
1174 2895 1219 2950 36.

174 2979 227 3033 Gu.
245 2977 271 3031 3.
308 2994 360 3048 epo
378 2979 407 3029 ct
423 2979 489 3047 ipsse
506 2975 531 3030 d.
566 2973 607 3028 lta
625 2974 701 3028 iubet
717 2975 861 3030 sententia.
895 2975 965 3031 Erat
983 2977 1055 3031 enim
1070 2978 1141 3032 inter
1158 2978 1220 3032 Sul-

172 3063 274 3135 picium
292 3070 320 3114 et
334 3061 459 3115 Crassum
476 3060 510 3112 de
528 3059 575 3112 illo
587 3060 701 3136 *Antonii
717 3069 744 3113 et
758 3059 849 3114 Crassi
866 3069 948 3130 pacto
964 3062 1056 3132 aliqua
1069 3063 1220 3130 dissensio;

173 3148 252 3201 aliter
266 3146 413 3217 Sulpicius,
430 3144 509 3198 aliter
522 3134 635 3219 Crassus
653 3144 831 3215 intelligebat.
861 3144 943 3199 Nunc
960 3147 1025 3216 quid
1043 3149 1103 3216 ipse
1121 3149 1221 3200 sentiat

172 3222 288 3286 ¹Crassus
312 3232 440 3302 exponit3
470 3227 524 3281 hoc
551 3229 633 3300 igitur
657 3224 793 3299 prioribus
820 3230 986 3282 contrarium
1011 3238 1060 3284 est.
1104 3230 1168 3288 Qua
1189 3248 1222 3284 re

170 3316 307 3387 'praeponi
320 3333 373 3388 epo
392 3313 494 3368 debuit.
508 3340 543 3352 —·
560 3312 695 3383 libenter]
711 3312 843 3367 sedenter
859 3312 910 3382 Lg'.
923 3313 965 3367 84.
986 3313 1038 3368 Gu.
1052 3316 1078 3369 2.
1097 3332 1220 3370 meorum

173 3401 234 3456 soli.
254 3431 285 3441 —
315 3398 437 3472 atttptt]
462 3397 574 3467 adrepto
591 3398 642 3469 hg.
659 3399 702 3453 67.
722 3398 763 3451 76.
782 3394 823 3451 73.
857 3401 1078 3468 eutropius-
1107 3400 1219 3472 broune]

166 3502 260 3540 snum
277 3484 328 3540 Ga.
347 3487 373 3540 3.
389 3514 424 3525 —-
451 3482 597 3554 sumpsit]
615 3482 655 3535 sic
673 3483 727 3535 mei
745 3490 856 3553 praeter
874 3479 926 3550 Lg.
944 3482 968 3536 5.
989 3500 1090 3539 omnes.

259 3569 319 3624 367.
355 3572 383 3623 st
399 3567 497 3639 qnod]
515 3571 557 3632 ot,
576 3566 649 3636 qnid
665 3567 721 3638 mg.
735 3568 760 3618 d.
778 3567 804 3620 6.
825 3563 865 3618 13,
890 3563 925 3623 24
942 3582 1012 3621 corr.
1026 3569 1069 3623 ’32
1085 3585 1157 3634 corr.
1176 3567 1218 3622 36.

173 3653 209 3707 93
226 3669 296 3708 corr.
316 3653 367 3708 Gn.
386 3653 411 3708 3.
448 3651 521 3705 Mox
541 3668 659 3722 sequens
678 3651 711 3706 td
729 3650 821 3704 delevi
839 3657 947 3703 secutus
964 3649 1015 3722 Lg.
1032 3651 1057 3708 2.
1074 3656 1097 3707 t.
1118 3652 1158 3707 13.
1175 3650 1220 3706 20.

174 3736 209 3793 32
223 3735 286 3789 add.
306 3735 348 3790 36.
368 3735 420 3790 Gu.
438 3735 463 3791 3.
481 3764 517 3777 —
534 3736 628 3806 qnid?
645 3734 741 3806 qnod]
760 3733 900 3804 qnteqntd
915 3734 965 3805 Lg.
979 3735 1004 3792 2.
1020 3735 1045 3791 3.
1064 3737 1107 3791 69.
1126 3736 1177 3791 Gn.
1193 3735 1220 3792 3.

174 3823 215 3876 ita
236 3836 308 3874 corr.
333 3819 375 3873 32.
401 3837 453 3874 om.
479 3819 551 3888 qnid
572 3821 605 3874 81
624 3821 685 3875 add.
703 3850 739 3859 -
769 3835 883 3872 morem
907 3818 1005 3890 nodie]
1026 3821 1082 3876 inv.
1107 3818 1221 3891 Lg.15.

174 3907 216 3962 84.
232 3905 275 3960 86.
299 3910 455 3957 morenate
470 3902 688 3958 nodtsViet.-
704 3903 796 3974 fidem
808 3902 905 3973 tuem]
923 3911 1006 3958 tuam
1022 3922 1074 3958 om.
1091 3903 1141 3958 Go.
1158 3903 1220 3959 12.

167 3990 312 4064 probabat
329 3989 429 4054 Heus,
453 3987 579 4043 delerent
599 3989 663 4062 seh.
682 3989 797 4057 Muell,
820 3989 897 4043 uncis
915 3989 1039 4044 clausere
1057 3986 1105 4042 Or.
1125 3987 1222 4051 Hecu,

175 4077 247 4130 male
271 4093 374 4131 omnes.
392 4103 428 4112 -
457 4071 572 4144 inquit]
596 4091 649 4127 om.
671 4075 722 4147 Lg.
740 4075 766 4130 6.
785 4104 821 4117 ·-
851 4072 1021 4141 concedere]
1046 4068 1222 4135 contendere

175 4160 226 4232 Lg.
244 4163 300 4218 dv.
315 4179 346 4225 u.
355 4171 374 4216 t.
393 4185 429 4203 -
454 4157 538 4230 vide]
551 4157 635 4214 otides
653 4159 704 4230 Lg.
720 4160 763 4223 17.
778 4158 820 4215 81.
839 4157 881 4214 84.
901 4156 952 4211 Cu.
971 4158 996 4209 2.
1013 4184 1049 4193 -
1073 4151 1223 4221 attulerit]

948 4253 1014 4317 28*
