2942 4608
198 266 200 275 “
263 290 366 363 roo
414 299 418 304 ¹
668 282 924 355 ononnonns

349 452 500 523 LXXIX
531 455 605 522 336.
628 453 728 524 Omne
750 466 853 524 eutem
868 455 1053 544 prinoipium
1075 465 1130 523 eut
1145 456 1193 523 rei
1207 459 1318 538 totius,
1368 442 1372 449 ¹

266 594 347 664 quoe
375 585 501 661 agetur,
532 574 793 660 significationem
818 573 937 640 babere
964 572 1091 640 debebit
1116 584 1170 640 aut
1196 575 1320 642 aditum

267 692 461 780 6616666616
488 702 519 759 61
545 694 816 760 communitionem
842 701 895 758 aut
921 683 1077 778 quoddam
1099 703 1320 760 omementum

265 819 298 876 et
319 809 518 901 dignitatem„
555 808 622 877 Sed
642 820 778 897 oportet,
802 820 836 876 ut
848 808 1051 883 6611116666
1071 809 1195 896 templis
1216 814 1318 876 uesti-

249 905 342 994 bulo
368 934 399 995 et
426 928 544 1006 aditus,
570 931 619 995 sio
645 929 752 995 oensis
777 930 941 1015 principio·
956 947 1014 1015 pro
1040 929 1183 1014 portione
1208 947 1318 994 rernm

177 1038 182 1043 ”
213 1039 223 1055 '
265 1063 469 1133 praeponere.
511 1043 620 1132 ltaque
642 1047 675 1112 in
692 1047 799 1132 parvis
821 1056 914 1131 atque
936 1042 1183 1131 infrequentibus
1204 1047 1316 1111 causis

265 1140 678 1250 61116661666161611111
700 1183 796 1250 saepe
818 1162 1021 1229 commodius.
1056 1161 1131 1228 331.
1154 1160 1222 1229 Sed
1242 1182 1315 1245 eum

265 1281 326 1346 orit
346 1280 492 1347 utendum
512 1282 680 1368 principio,
707 1280 791 1367 qnod
811 1279 992 1368 plerumque
1014 1280 1088 1357 erit,
1115 1289 1168 1345 aut
1194 1299 1234 1345 ex
1255 1299 1315 1347 reo

267 1406 320 1462 eut
337 1417 377 1463 ex
395 1397 578 1493 edversario
601 1407 654 1464 aut
675 1395 716 1465 ex'
730 1418 766 1464 re
788 1407 841 1464 aut
857 1418 896 1463 ex
912 1399 971 1475 eis,
992 1396 1075 1483 apud
1091 1417 1170 1483 quos
1192 1408 1314 1483 agetur,

266 1514 438 1603 sententias
466 1514 538 1580 duei
565 1514 682 1581 licebit.
735 1512 785 1581 Ex
809 1534 866 1581 reo
895 1515 986 1597 (reos
1012 1513 1152 1603 appello,
1183 1535 1315 1601 quorum

266 1632 420 1714 retest),
452 1650 534 1718 qnae
563 1631 739 1718 significent
764 1630 880 1699 bonum
905 1633 1006 1699 uirum
1038 1651 1119 1718 qnae
1145 1631 1313 1698 liberalem

139 1801 161 1853 3
265 1767 348 1835 qnae
375 1747 593 1820 6666116666
626 1768 707 1836 quoe
738 1749 958 1816 misericordia
989 1748 1115 1834 dignum
1148 1768 1230 1835 quae
1256 1762 1314 1816 ue-

265 1864 353 1933 leent
374 1877 485 1934 eontra
505 1867 620 1935 falsam
642 1867 905 1948 criminationem
931 1886 971 1933 ex
993 1866 1177 1933 adversario
1199 1867 1311 1934 iisdem
1341 1916 1349 1927 .

267 2001 308 2049 ex
327 1982 409 2050 loeis
436 1983 503 2050 iere
530 1986 698 2059 66661616.
741 1982 962 2083 32311166,
991 1986 1020 2051 ni
1041 1984 1179 2052 erudelis
1206 1987 1235 2052 si
1255 2005 1312 2052 ne-

266 2098 366 2166 fanda
390 2101 419 2167 si
440 2092 566 2187 praeter
586 2103 765 2191 opinionem
792 2103 821 2169 si
843 2104 996 2170 immerito
1022 2104 1052 2170 si
1072 2104 1192 2171 misera
1213 2104 1241 2170 ai
1263 2105 1310 2169 in-

139 2381 142 2387 .
266 2334 395 2408 fluxione
417 2335 460 2391 81.
495 2334 557 2391 1166
580 2337 669 2408 ipsum
694 2336 825 2409 seriptum
848 2346 891 2394 eet
913 2339 942 2392 in
963 2336 1069 2393 31166.
1091 2335 1136 2394 93.
1162 2337 1224 2394 edd.
1242 2338 1311 2396 Viet.

272 2417 362 2485 ntae„
379 2421 543 2493 videturque
559 2422 649 2476 adbuc
666 2423 806 2493 optimum.

295 2565 299 2573 ,
354 2505 482 2561 LXXIX.
517 2506 576 2562 339.
611 2524 687 2577 puae
704 2508 826 2579 apertur]
853 2506 890 2562 de
907 2521 967 2577 prta
986 2522 1034 2578 ap.
1057 2505 1108 2577 bg.
1127 2506 1162 2560 35
1181 2523 1252 2564 corr.
1275 2508 1312 2563 ita

267 2604 338 2646 eom.
356 2589 400 2646 81.
431 2595 534 2663 apitur
555 2593 580 2648 4.
604 2592 647 2648 81.
672 2592 786 2647 346611.
813 2591 909 2662 Stepb.
928 2591 998 2645 Vict.
1024 2590 1102 2647 Mon.
1122 2622 1153 2632 -
1165 2653 1168 2657 ¹
1182 2598 1213 2645 et
1233 2604 1310 2648 eom·

267 2676 475 2744 munitionem]
491 2677 530 2730 rie
547 2676 627 2732 Nori.
646 2675 697 2749 Ing.
711 2677 753 2732 39.
766 2677 810 2733 84.
829 2676 893 2731 Scb.
911 2674 1010 2730 1116611.
1030 2673 1081 2731 Or.
1099 2675 1184 2730 Henr.
1202 2677 1311 2731 ducunt·

270 2772 324 2831 qne
348 2777 383 2814 66
407 2765 670 2816 conmutationem
692 2763 720 2816 in
744 2762 775 2818 Z.
794 2781 821 2832 γ.
841 2779 863 2816 ε.
885 2760 943 2815 Erl.
962 2761 1010 2829 (de
1031 2760 1082 2815 Gn.
1101 2759 1126 2815 3.
1145 2782 1179 2809 =
1196 2762 1222 2816 A
1241 2772 1314 2818 errat

267 2844 381 2914 flenr.);
405 2845 457 2917 Lg.
476 2845 502 2900 3.
518 2847 544 2901 4
569 2845 611 2901 13.
634 2846 677 2905 36.
707 2846 778 2903 Reii.
796 2848 1003 2910 munitionem,
1027 2846 1121 2915 itaque
1141 2846 1212 2902 Crat
1233 2847 1310 2904 Grut.

267 2927 335 2987 lim.
366 2936 421 2985 aut
443 2933 613 2985 communit.
639 2931 701 2986 edd
720 2931 817 3002 Stepb.
836 2929 933 2986 Lemb.
969 2936 1023 2984 ant
1045 2931 1127 2985 etlam
1147 2930 1199 3004 bg.
1221 2934 1247 2988 4.
1270 2934 1310 2989 67.

271 3013 314 3068 ad
330 3020 360 3068 et
376 3018 573 3070 metationem
591 3015 643 3070 Gn.
657 3015 682 3075 3.
697 3045 733 3056 -
752 3033 789 3069 ae
807 3015 936 3088 templis]
955 3021 1043 3087 atque
1062 3021 1082 3069 t.
1101 3015 1153 3070 Gn.
1166 3013 1192 3071 3.
1206 3033 1311 3089 -pro

263 3101 417 3174 portione]
434 3116 529 3154 omnen
542 3098 679 3154 sere'iibri
693 3100 818 3165 iunetim3
837 3100 946 3153 divisim
961 3116 1084 3154 meorum
1101 3099 1154 3154 noli
1170 3099 1212 3156 36.
1227 3101 1311 3156 67.-

263 3185 463 3257 praepanere]
481 3178 650 3257 proponere
671 3183 722 3255 hg.
741 3186 767 3239 4.
785 3184 810 3241 6.
836 3183 868 3237 16
885 3200 956 3239 corr.
980 3184 1015 3239 33
1032 3201 1101 3240 corr.
1125 3185 1167 3240 76.
1190 3184 1223 3239 81
1243 3202 1309 3240 corr.

267 3267 311 3324 96
324 3298 360 3309 -
379 3267 624 3339 infrequentibus]
642 3267 827 3324 1116116663.
848 3266 940 3323 Oxou.
960 3269 1092 3339 plerique,
1110 3269 1163 3324 Gn.
1177 3269 1201 3325 3.
1222 3269 1271 3341 ng.
1285 3269 1309 3324 3.

148 3336 158 3350 ’
269 3352 294 3406 li.
315 3351 355 3406 13.
375 3352 417 3407 33.
434 3354 476 3408 36.
494 3354 537 3408 67.
574 3352 828 3425 infrequentibus
851 3352 941 3408 Horu.
962 3354 985 3409 1.
1010 3354 1060 3429 ng.
1078 3354 1217 3426 plerique,
1241 3355 1309 3412 Viet.

267 3435 364 3492 namn.
389 3436 453 3493 Seb.
479 3438 507 3492 in
530 3439 573 3494 ed.
596 3441 659 3494 moi.
692 3437 896 3509 frequentibus
913 3445 939 3505 pt,
962 3438 1020 3496 liri.
1045 3438 1095 3511 (ις.
1114 3440 1224 3510 quidum
1242 3439 1308 3496 vta

164 3544 198 3587 st
269 3521 366 3578 (163.
389 3521 635 3580 6161666061.
726 3552 735 3557 -

354 3594 422 3661 tut?
450 3609 548 3681 apud]
567 3607 754 3682 6661166113
766 3625 838 3666 eorr.
849 3638 886 3651 κ·
903 3611 958 3679 ete]
975 3609 1015 3663 ele
1028 3624 1124 3664 omnes
1137 3611 1190 3664 mel
1204 3619 1310 3682 praeter

270 3690 311 3748 17.
330 3693 427 3762 inquo
444 3696 492 3757 ile,
512 3703 540 3747 et
556 3693 599 3750 ot.
618 3694 670 3749 Gn.
682 3693 707 3749 3.
726 3695 754 3748 in
774 3694 871 3765 quibus
888 3693 936 3748 lo
953 3703 1003 3748 est
1017 3722 1053 3735 -
1071 3695 1183 3764 lleedit]
1202 3694 1311 3749 decedit

267 3777 320 3849 Ing.
335 3777 377 3834 81.
397 3779 440 3833 ed.
459 3778 556 3848 Stepln
575 3777 645 3834 lunt
665 3777 738 3834 Crat.
755 3805 791 3820 ·-
821 3795 860 3833 66
876 3780 999 3848 realem
1015 3797 1049 3833 re
1064 3779 1115 3852 ng.
1133 3781 1159 3835 3.
1179 3811 1210 3823 -
1236 3781 1309 3848 reor]

269 3863 374 3916 addunt
390 3866 470 3916 enim
486 3861 536 3933 [ις.
551 3863 594 3917 39.
614 3863 655 3917 76.
684 3869 786 3916 autem
802 3863 845 3918 33.
863 3862 906 3918 67.
923 3863 968 3919 69.
985 3864 1028 3919 tt
1044 3892 1080 3909 ·-·
1096 3867 1157 3934 rer]
1172 3865 1228 3921 Gur.
1241 3865 1265 3920 3.
1277 3893 1309 3908 ·-

269 3946 399 4018 6666176]
414 3946 534 4019 adpelle
547 3945 598 4016 lag.
612 3947 654 4001 71).
670 3945 712 4001 73.
736 3947 1005 4018 appellativae&
1026 3948 1126 4004 Totam
1139 3949 1193 4004 boe
1205 3966 1310 4005 reos-

269 4045 320 4082 m
336 4036 382 4082 eet
400 4029 591 4099 interpolatori
610 4029 706 4083 deberi
723 4028 831 4085 Bobius
849 4038 936 4102 potet.
953 4062 989 4075 -
1017 4032 1125 4088 lanam
1143 4035 1253 4103 airum]
1274 4033 1310 4088 ele

269 4112 371 4167 inverti
386 4112 535 4168 seeundum
549 4110 604 4183 ng..
614 4111 642 4166 3.
657 4113 682 4168 4.
697 4111 723 4168 a.
739 4112 780 4169 13.
792 4113 835 4171 33.
849 4113 892 4177 to.
911 4116 964 4173 Ga.
979 4117 1005 4174 3.
1019 4132 1055 4160 ⁴-
1073 4134 1113 4175 ea
1128 4117 1309 4189 aduersario]
