2942 4608
264 311 363 382 402
541 249 545 256 *
667 306 923 377 CICERONIS

264 475 303 542 Ut
327 494 422 563 porro
448 460 621 564 conspersa
647 479 687 543 sit
714 479 806 563 qnasi
831 476 996 543 verbomm
1024 479 1323 564 sententiarumque
1360 476 1365 479 ’

264 594 404 671 iloribus,
425 593 459 658 id
480 614 543 659 nou
562 593 655 660 debet
669 614 743 660 esse
764 595 867 682 iusum
882 594 1092 680 aequabiliter
1112 615 1322 681 peromnem
1380 590 1385 595 ’

38 763 71 843 q(
265 713 451 788 orationem,
485 711 542 776 sed
574 713 621 776 ita
644 712 835 789 distinctum,
868 721 901 777 ut
928 714 989 776 sint
1015 714 1108 798 quasi
1138 715 1322 778 inornata

23 820 248 940 qma&
265 829 419 914 disposita
445 828 598 913 quaedam
621 830 760 912 insignia
783 838 814 894 et
833 829 962 894 imnina.
1005 829 1056 894 97.
1086 827 1193 893 Genus
1215 830 1318 913 igitur

24 908 203 997 Μ
265 945 460 1012 dicendiest
481 944 672 1028 eligendum,
695 945 776 1031 quod
799 947 932 1011 maxime
953 955 1058 1012 teneat
1078 966 1150 1023 eos,
1175 948 1231 1031 'qui
1255 966 1318 1012 au-

265 1062 365 1139 diant,
389 1071 420 1126 et
439 1061 523 1147 quod
543 1081 607 1127 non
628 1062 730 1127 solum
752 1062 898 1140 delectet,
914 1042 983 1130 ”sed
1004 1066 1099 1130 etiam
1121 1065 1190 1129 sine
1213 1066 1316 1129 satie-

265 1188 328 1246 tate
356 1178 508 1256 delectet3
531 1217 570 1229 -
603 1181 775 1245 nonenim
808 1200 829 1244 a
854 1200 903 1245 me
934 1183 997 1245 iam
1024 1183 1200 1267 exspectari
1225 1191 1312 1267 puto,

266 1306 299 1365 ut
322 1300 482 1372 moneam,
514 1305 547 1360 ut
574 1299 714 1362 caveatis
740 1317 780 1361 ne
808 1298 900 1362 exilis
928 1318 968 1362 ne
994 1297 1113 1363 inculta
1140 1274 1181 1363 sit
1203 1299 1315 1363 vestra
1331 1356 1349 1393 s
1446 1346 1447 1351 η

267 1416 367 1480 oratio
394 1433 434 1478 ne
455 1412 597 1497 vulgaris
622 1433 662 1478 ne
686 1412 847 1492 obsoleta3
875 1414 961 1479 aliud
982 1414 1131 1500 quiddam
1157 1417 1258 1479 maius
1281 1424 1313 1479 et

266 1532 395 1613 ingenia
421 1549 469 1594 me
496 1529 658 1595 hortantur
683 1507 790 1596 vestra
816 1540 847 1596 et
873 1541 1011 1610 aetates3
1034 1569 1072 1580 -
1107 1531 1158 1597 98.
1182 1531 1311 1604 dimone

267 1649 349 1714 enim
371 1647 454 1713 dictu
475 1655 524 1713 est
550 1667 704 1732 quaenam
731 1628 831 1714 causa
852 1649 892 1714 sit
914 1668 1044 1726 corea,
1073 1668 1152 1734 quae
1176 1651 1309 1713 maxime

267 1754 526 1831 sensns‘nostros
548 1764 710 1851 impellunt
728 1765 886 1851 voluptate
914 1775 945 1829 et
971 1767 1075 1850 speeie
1097 1768 1198 1851 prima
1220 1784 1310 1831 aeer-

243 1883 344 1962 „rime
371 1891 581 1957 commovent,
614 1880 653 1946 ab
685 1884 726 1946 iis
758 1882 921 1947 celerrime
946 1882 1081 1951 ,fastidio
1113 1882 1248 1968 quodam
1280 1892 1310 1948 et

267 2000 410 2064 satietate
438 1996 663 2063 abalienemur.
708 1997 831 2075 Quanto
860 1998 998 2064 colorum
1025 1997 1251 2085 pulchritudine
1280 2008 1310 2064 et
1411 2016 1416 2025 “

265 2116 418 2182 varietate
440 2111 603 2177 floridiora
625 2123 694 2178 sunt
722 2115 755 2178 in
775 2116 903 2200 picturis
925 2117 1015 2181 nouis
1041 2115 1190 2200 pleraque
1218 2135 1309 2201 quam

267 2233 300 2301 in
325 2229 503 2297 ueteribus?
538 2249 620 2315 quae
644 2240 762 2308 tamen,
796 2233 891 2298 etiam
917 2233 946 2299 si
972 2235 1071 2318 primo
1098 2243 1308 2318 aspectuum

268 2358 423 2435 oeperunt,
445 2348 559 2415 diutius
576 2368 640 2413 non
655 2347 827 2425 delectant3
851 2369 919 2414 oum
935 2349 1029 2414 iidem
1045 2367 1103 2415 nos
1125 2352 1159 2413 in
1175 2350 1308 2432 antiquis

266 2465 382 2532 tabulis
408 2464 465 2532 illo
493 2466 562 2551 ipso
587 2463 715 2530 horrido
742 2465 947 2552 obsoletoque
973 2474 1141 2531 teneamur.
1186 2463 1306 2543 Quanto

270 2715 298 2753 v.
316 2698 351 2755 ad
368 2696 402 2753 11.
421 2697 471 2763 m,
486 2697 529 2753 88.
548 2729 579 2739 -
610 2715 769 2771 eomrperse
786 2702 827 2752 stt
843 2701 945 2769 quast]
969 2702 1057 2769 quasi
1077 2714 1174 2773 consp.
1193 2698 1244 2769 Lg.
1257 2698 1309 2765 lo,

268 2783 386 2838 sonasse
403 2783 507 2836 melius.
525 2812 560 2822 ·-
586 2787 619 2837 ia
636 2786 755 2852 ornata]
775 2788 915 2837 inornata
932 2783 981 2855 Lg.
1002 2783 1042 2838 15.
1061 2784 1102 2838 76.

351 2867 394 2921 97.
432 2871 484 2936 qut
506 2867 649 2935 audieret]
674 2872 726 2938 qul
746 2869 871 2922 audiunt
892 2867 942 2939 Lg.
961 2870 986 2923 6.
1005 2870 1046 2922 nt.
1072 2868 1106 2920 32
1126 2884 1195 2921 corr.
1214 2866 1255 2919 76.
1272 2891 1306 2910 a

268 2958 301 3004 ut
320 2952 461 3017 caveatis]
485 2950 555 3003 haec
574 2969 627 3006 om.
646 2951 696 3022 Lg.
717 2952 756 3005 15.
774 2952 832 3018 86,,
858 2970 909 3005 uec
927 2971 995 3006 sane
1014 2953 1171 3005 necessaria
1188 2959 1257 3006 sunt.
1273 2978 1306 2993 —

267 3034 378 3101 meires]
396 3038 493 3103 meeis
509 3034 558 3106 lug.
580 3044 692 3106 praeter
703 3035 744 3089 35.
760 3036 812 3101 73„
830 3028 900 3089 Vict.
921 3036 972 3090 Gu.
990 3037 1012 3090 1.
1026 3038 1052 3091 9.
1070 3037 1242 3093 usitatissimo
1260 3037 1306 3090 sed
1368 3040 1378 3053 “

268 3120 297 3172 iu
316 3126 393 3171 tanto
409 3117 541 3173 librorum
558 3126 672 3173 numero
692 3130 782 3173 tamen
801 3119 916 3173 mirabili
933 3122 1041 3176 mendo.

355 3202 396 3257 98.
434 3220 486 3256 eur
500 3221 546 3266 ee,
565 3204 652 3273 quoe]
666 3221 702 3256 ee
719 3221 772 3258 um.
785 3204 904 3257 Wetuel.
921 3213 948 3257 et
962 3205 1037 3259 Harl.
1062 3223 1114 3259 eur
1130 3210 1224 3259 etiem
1239 3221 1308 3275 qaue

267 3287 303 3341 de
321 3290 478 3343 coniectura
501 3289 589 3341 inutili
605 3286 703 3342 Muell.
725 3319 755 3332 ψ
786 3291 985 3356 commouent]
1005 3296 1121 3358 movent
1145 3290 1196 3361 Lg.
1217 3290 1257 3344 ll.
1273 3317 1305 3330 -

269 3372 306 3429 eb
328 3375 377 3440 its]
405 3371 443 3425 ab
468 3370 514 3424 his
536 3370 587 3442 Lg.
610 3373 651 3426 94,
675 3371 717 3426 37.
740 3371 782 3426 65.
807 3373 850 3426 67.
873 3372 916 3427 69.
942 3374 983 3430 76.
1009 3375 1051 3430 73.
1076 3372 1117 3429 76.
1143 3375 1185 3429 81.
1205 3375 1247 3431 84.
1264 3373 1304 3427 86.

268 3456 317 3509 66,
336 3456 359 3511 l.
374 3457 399 3511 9.
412 3484 448 3497 ·-
464 3456 626 3523 celerrime]
646 3455 832 3510 celeberrime
849 3456 902 3511 Gu.
917 3458 940 3512 l.
957 3457 983 3512 2.
1001 3458 1050 3528 Lg.
1063 3457 1149 3525 XlV.,
1167 3456 1304 3527 inquibus

268 3549 358 3593 tamen
380 3543 497 3610 optimus
515 3540 557 3594 39.
577 3558 633 3594 uon
654 3548 711 3606 est3
737 3541 912 3595 ereberrime
931 3541 971 3597 16.
992 3542 1032 3596 76.
1053 3543 1095 3597 73.
1113 3571 1149 3585 -
1172 3540 1305 3613 poledri·

269 3624 382 3692 tudine]
406 3625 446 3678 sie
467 3642 527 3680 cum
551 3627 719 3696 aspiratione
741 3624 792 3696 Lg.
816 3632 925 3696 praetor
949 3626 973 3680 3.
993 3626 1017 3679 5.
1037 3626 1062 3681 6.
1089 3626 1130 3680 16.
1152 3625 1194 3680 39.
1213 3625 1254 3679 35.
1273 3653 1304 3664 -

160 3766 161 3769 ,
269 3713 361 3763 etiam
378 3712 421 3776 si]
441 3712 481 3763 sic
499 3700 606 3763 divisim
621 3709 769 3781 lugaXV„
787 3714 816 3764 si
832 3711 873 3765 20.
893 3720 937 3750 -'
953 3710 1085 3782 aspectu]
1109 3710 1148 3762 sie
1172 3711 1306 3780 extritop

96 3780 103 3794 '
267 3793 328 3846 libri
345 3794 449 3858 solent,
472 3792 523 3864 Lg.
544 3810 654 3860 omnes,
674 3795 745 3847 Vict.
763 3794 815 3848 Gu.
835 3795 875 3860 1.,
896 3794 1006 3847 codices
1023 3803 1115 3847 eutem
1131 3793 1262 3862 sequendi
1280 3794 1304 3846 io

268 3877 320 3931 liae
338 3885 462 3943 rosum,
487 3877 550 3945 quia
574 3879 602 3931 iu
620 3879 703 3932 titulis
721 3879 861 3948 utriusque
879 3879 986 3949 generis
1004 3879 1108 3931 formae
1124 3879 1256 3931 visuntur.
1272 3905 1303 3917 -

268 3962 360 4018 iidem
377 3963 442 4028 nos]
461 3962 541 4016 idem
558 3979 614 4016 etos
631 3963 700 4017 Vict.
721 3962 771 4016 Gu.
790 3963 813 4016 1,
828 3962 852 4016 9,
872 3962 922 4033 lug.
942 3972 1052 4033 praeter
1068 3963 1111 4016 93.
1125 3990 1160 4005 —-
1177 3961 1303 4027 vomunt]

268 4046 388 4099 notitiae
404 4044 454 4113 Lg.
469 4045 512 4098 81.
527 4073 563 4084 -·
581 4047 690 4112 certae]
708 4052 810 4098 reetae
827 4045 879 4101 Gn.
898 4047 920 4102 l.
940 4047 1057 4101 fortusse
1075 4047 1154 4118 hene.
1168 4073 1207 4089 »-
1222 4044 1306 4114 Ῐίαιιί]

269 4129 321 4183 Gu.
342 4128 364 4182 l.
381 4127 557 4197 fiterltdug.
578 4128 618 4187 17.
636 4128 678 4184 74.
698 4128 740 4184 76.
756 4128 841 4197 lieet.
