2958 4584
166 317 202 409 χ
267 294 378 375 m·
470 248 472 253 ¹
578 258 580 263 ’
671 292 934 368 o'ronooxts

267 469 387 546 enituit
408 467 566 554 66661161
582 487 691 535 omnes
707 469 791 549 dant
814 489 947 537 aonmen
966 464 1124 556 quoddam
1142 468 1313 557 siukaim,

266 586 325 652 sed
346 584 428 653 loeo
447 588 528 673 ipsu,
544 605 631 672 ,quae
648 605 736 652 nune
751 586 794 651 ad
809 607 858 652 me
879 585 1031 671 delegare
1045 591 1106 666 vis,
1128 603 1170 655 ea
1191 609 1316 679 sempor

266 706 302 769 in
322 714 354 769 te
376 705 500 769 eximia·
515 714 547 769 et
567 706 762 791 praestantia
783 702 914 769 fuerunt.
1016 696 1019 707 ’

352 817 481 886 XXIX.
514 820 587 886 116.
621 819 702 886 Tum
733 819 879 898 Catulus,
910 817 980 905 Ego
1009 839 1100 896 vero,
1134 796 1247 908 inquit,
1280 825 1316 890 in

264 937 356 1004 uobis
383 934 445 1004 hoo
470 940 604 1004 maxime
631 938 780 1004 admirari
807 937 912 1015 soleo,
938 938 1043 1023 quod,
1063 958 1134 1004 oum
1154 939 1314 1025 intervos

265 1050 454 1121 indicendo
482 1055 687 1122 dissimillimi
714 1057 798 1132 sitis,
826 1057 872 1121 ita
892 1064 997 1121 tamen
1021 1065 1150 1141 uterque
1176 1067 1314 1124 vestrum

266 1172 370 1249 dicat,
407 1183 440 1237 ut
468 1175 503 1264 ei
537 1172 617 1238 nihil
652 1193 753 1258 neque
791 1192 812 1238 u
841 1183 955 1238 natura
989 1173 1179 1257 denegatum
1212 1194 1314 1260 neque

267 1308 289 1353 a
308 1288 454 1355 doctrina
479 1307 544 1355 non
565 1289 702 1355 delatum
723 1310 796 1357 esse
817 1290 970 1381 videatur.
1014 1287 1155 1369 Quare,
1186 1288 1313 1370 Crasse,
1335 1272 1345 1299 ²

265 1425 368 1491 neque
394 1416 429 1472 tu
448 1416 503 1471 tua
524 1409 679 1474 suavitate
700 1427 759 1474 nos
781 1407 935 1495 privabis,
962 1416 1009 1485 ut,
1036 1407 1162 1492 siquid
1184 1407 1226 1483 uh
1245 1407 1317 1474 An-

265 1525 352 1589 tonio
382 1532 435 1588 aut
460 1526 716 1609 praetermissum
744 1535 798 1589 aut
823 1525 966 1594 relietum
992 1526 1046 1602 sit,
1074 1544 1138 1590 non
1164 1525 1313 1612 explices,

265 1659 367 1724 aeque
389 1650 429 1718 te,
452 1640 579 1718 Antoni,
602 1644 632 1706 si
653 1642 726 1728 quid
747 1662 811 1708 non
831 1642 962 1721 dixeris,
983 1641 1230 1708 existimabimus
1251 1664 1315 1710 non

265 1759 406 1842 potuisse
428 1759 547 1843 potius,
570 1779 663 1844 mam
684 1780 706 1825 a
728 1758 846 1826 Crasso
870 1759 934 1824 6161
955 1758 1117 1825 maluisse.
1161 1759 1314 1827 127616

267 1871 420 1951 Crassus,
443 1872 527 1954 Quin
546 1878 728 1963 tu,'inquit,
751 1875 883 1953 Antoni,
906 1876 1021 1941 omittis
1043 1878 1116 1951 ista,
1139 1895 1219 1961 quae
1241 1897 1315 1962 pro-

264 1992 414 2077 posuisti,
449 2011 529 2076 quae
562 2013 653 2059 nemo
679 1991 790 2057 horum
816 1991 990 2067 desiderat,
1022 1990 1135 2074 quibus
1168 2011 1207 2056 ex
1232 1992 1314 2061 loeis

266 2127 316 2186 ea,
339 2128 420 2195 quae
443 2108 578 2174 dicenda
599 2119 670 2174 sunt
691 2109 724 2172 in
741 2108 858 2184 causis,
879 2108 1087 2193 reperiantur,
1111 2127 1192 2193 quae
1215 2129 1314 2193 quan·

266 2245 360 2313 quarn
391 2235 468 2292 ate
495 2246 577 2293 novo
612 2225 747 2312 quodam
777 2223 870 2290 modo
901 2223 1129 2310 praeclareque
1160 2225 1312 2306 dicuntur,

180 2508 182 2511 ¹
266 2454 304 2499 ut.
319 2444 344 2500 5.
375 2461 435 2498 ooo
450 2447 585 2497 maxime
603 2442 659 2497 hoo
677 2441 728 2497 Gu.
743 2442 768 2498 1.
796 2441 853 2496 hoe
868 2459 908 2497 m.
926 2458 984 2494 ooo
1002 2440 1054 2496 Gn.
1069 2439 1093 2494 3.
1109 2467 1146 2485 ·-
1167 2442 1314 2514 detepure]

268 2530 401 2602 dolopes-e
417 2528 468 2601 Lg.
488 2529 513 2584 3.
545 2528 676 2600 delipere
694 2527 735 2582 16.
751 2556 788 2569 —-
819 2529 865 2595 et]
885 2533 973 2597 utque
990 2524 1041 2597 Lg.
1059 2524 1102 2579 81.
1119 2555 1156 2568 —-
1181 2526 1314 2597 fueruat]

264 2614 351 2685 fuere
372 2614 421 2684 Lg.
443 2615 483 2671 15.

354 2697 454 2752 XXIX.
484 2697 542 2752 116.
571 2692 1313 2763 1666666661.-6966666]6966.175.6.-

266 2768 299 2837 tn
318 2781 456 2848 arcenus]
481 2785 512 2833 a
535 2797 587 2833 om.
606 2779 657 2848 ng.
675 2778 700 2831 a.
721 2777 746 2829 5.
770 2777 810 2831 m.
830 2777 870 2832 ro.
894 2778 934 2831 17.
958 2776 1000 2831 oo.
1020 2776 1063 2831 nr.
1082 2776 1125 2831 so.
1144 2776 1185 2830 m.
1208 2777 1250 2830 35.
1269 2777 1312 2835 os.
1424 2789 1429 2796 ·

151 2856 160 2869 ⁴
264 2866 307 2920 61.
328 2866 371 2920 69.
391 2864 432 2918 to.
453 2862 495 2915 73.
515 2864 555 2917 76.
577 2863 619 2916 81.
639 2860 681 2915 86.
701 2859 744 2914 93.
765 2862 804 2914 ita
821 2879 892 2917 corr.
910 2862 952 2917 31.
977 2880 1003 2917 v.
1025 2861 1222 2931 explicationes
1239 2861 1275 2914 ad
1292 2861 1312 2917 l.

264 2949 291 3015 3,
311 2949 351 3004 11.
380 2948 512 3000 dicemus
530 2947 600 3000 Viot.
620 2975 655 2986 —·
681 2945 895 3014 dissimillimi]
917 2946 1078 3000 dissimiles
1095 2944 1144 3014 Lg.
1164 2945 1206 3000 35.
1225 2946 1267 3001 69.
1279 2977 1313 2986 -—

265 3033 406 3100 vestrum]
425 3037 560 3084 nostrum
578 3031 629 3085 Gu.
644 3031 669 3085 3.
688 3060 721 3070 -
742 3030 886 3100 dolatum]
906 3033 1012 3086 dutum
1029 3028 1135 3099 Lg.‚7o.
1152 3057 1190 3070 —-
1210 3032 1313 3085 uideu-

228 3128 232 3150 '
265 3119 326 3187 tur]
345 3116 500 3172 iudicatur
516 3115 565 3187 Lg.
581 3116 621 3169 17.
635 3146 670 3154 -
690 3131 784 3184 oeque
802 3118 845 3184 tu]
864 3123 896 3170 tu
914 3133 964 3171 orn
983 3123 1011 3168 et
1028 3113 1091 3166 666.
1109 3111 1160 3183 ng.
1173 3113 1199 3168 1.
1213 3113 1255 3169 31.
1269 3114 1312 3171 65.

264 3220 317 3258 om.
339 3203 379 3255 17.
398 3200 440 3255 16.
462 3230 493 3241 —-
516 3205 546 3253 to
566 3207 618 3253 tua
637 3200 671 3254 31
689 3218 761 3255 corr.
782 3231 813 3241 —
835 3200 962 3266 dixeris]
981 3198 1095 3250 dimertt
1114 3196 1164 3268 ng.
1183 3199 1208 3251 4.

353 3287 416 3340 117..
447 3287 529 3356 quin]
556 3284 628 3354 quid
651 3284 702 3339 Gn.
724 3284 749 3338 3.
772 3315 808 3325 -
840 3282 1042 3356 proposuisti]
1067 3285 1198 3353 posuisti
1217 3279 1312 3335 Lamb.

263 3375 332 3442 (sec.
351 3371 447 3443 puto),
471 3387 527 3423 non
550 3379 639 3435 reete,
666 3369 729 3438 quia
751 3385 807 3422 non
825 3368 924 3422 dieitur
941 3365 986 3418 nic
1002 3366 1037 3418 de
1057 3366 1186 3432 decreto,
1211 3365 1315 3418 sedda

264 3456 429 3528 explicando
454 3463 614 3526 argumento
641 3463 668 3506 et
693 3451 885 3522 disputatione.
909 3481 940 3491 -
972 3449 1090 3519 dorum]
1114 3466 1167 3504 orn.
1192 3448 1243 3520 ng.
1269 3448 1313 3503 16.

264 3558 367 3596 eorum
390 3541 432 3595 35.
451 3568 488 3582 —-
522 3538 649 3592 diceudo
672 3537 758 3603 ruat]
783 3537 824 3589 sio
849 3552 900 3606 pro
925 3539 1002 3600 strat,
1030 3535 1104 3604 quod
1126 3551 1178 3604 per
1200 3538 1237 3587 se*
1258 3549 1313 3587 non

263 3628 352 3681 minus
370 3634 445 3679 recte
465 3608 584 3689 dicitnr,
594 3621 689 3691 scripsi
706 3639 742 3675 ex
759 3620 810 3692 ng.
827 3621 853 3676 1.
872 3620 898 3675 3.
918 3622 942 3675 4.
961 3621 986 3675 6.
1010 3620 1050 3673 13.
1070 3620 1111 3674 lt.
1132 3618 1164 3672 17
1180 3635 1250 3675 corr.
1269 3616 1312 3671 13.

263 3713 298 3766 31
310 3729 380 3765 corr.
393 3711 436 3765 36.
449 3709 492 3763 65.
505 3708 547 3762 69.
559 3707 602 3761 81.
616 3705 658 3759 93.
678 3706 730 3760 Gn.
743 3706 768 3760 1.
782 3705 807 3761 3.
839 3704 871 3758 16
890 3705 989 3759 talibus
1007 3722 1024 3757 o
1041 3704 1115 3757 libris
1133 3704 1267 3757 standum.
1278 3731 1313 3743 -

224 3816 227 3824 ⁴
262 3796 463 3867 repertantur]
481 3796 691 3865 repperiantur·
707 3790 758 3862 hg.
773 3790 817 3845 16.
833 3790 875 3844 31.
895 3808 922 3845 v.
937 3790 973 3843 ad
985 3788 1018 3844 11.
1037 3789 1081 3853 14,
1100 3787 1158 3843 loo.
1169 3816 1206 3829 ·-
1224 3785 1311 3857 quoue]

262 3890 317 3933 om.
338 3879 387 3949 Lg.
411 3879 436 3933 1.
457 3880 483 3930 4.
509 3876 549 3931 13.
573 3875 607 3928 31
623 3875 687 3929 add.
714 3873 756 3928 36.
775 3873 816 3929 76.
843 3873 939 3931 (16.3.
973 3891 1063 3944 prtum
1080 3872 1115 3926 14
1132 3888 1203 3926 corr.
1237 3886 1311 3923 nua-

262 3978 354 4030 pnam
370 3954 447 4016 52-
474 3978 495 4013 a
513 3962 552 4028 te]
576 3976 628 4029 pro
648 3958 703 4012 ads
722 3967 751 4013 te
774 3959 958 4028 recipiendum
982 3959 1033 4012 fuit
1055 3974 1097 4011 ex·
1110 3955 1161 4026 bg.
1179 3955 1207 4008 1.
1222 3956 1248 4007 4.
1270 3952 1325 4009 13.

260 4044 297 4098 31
309 4061 379 4098 corr.
399 4044 450 4098 Gn.
463 4043 489 4098 3.
505 4074 536 4084 -
556 4044 707 4114 deprome]
722 4045 882 4116 depromas
896 4041 945 4113 bg.
957 4043 999 4096 64.
1011 4072 1046 4082 -
1064 4039 1187 4110 afferas]
1202 4037 1312 4109 effetus
1415 4121 1418 4129 ¹

261 4127 315 4197 ng..
331 4125 357 4184 a.
382 4127 421 4181 m
437 4143 509 4183 sorr.
524 4126 570 4184 as.
606 4126 732 4197 autera«
750 4124 792 4184 ra
809 4126 854 4183 nr.
871 4125 916 4183 oa
932 4125 978 4184 or.
994 4126 1037 4183 ro.
1056 4125 1101 4182 ra
1115 4121 1159 4181 oo.
1202 4170 1205 4175 .
1265 4168 1268 4177 ,
