2968 4596
402 1572 992 1683 PRAEFATIO.

175 2098 322 2226 Libros
342 2154 510 2227 Ciceronis
534 2156 573 2226 de
594 2126 733 2227 Oratore
762 2154 950 2227 emendandi
977 2169 1011 2226 et
1037 2157 1218 2250 explicandi

174 2318 346 2389 consilium
378 2317 453 2387 mihi
486 2318 595 2388 natum
621 2329 675 2387 est
699 2280 809 2409 copias
841 2315 881 2387 ad
907 2339 1023 2387 novam
1050 2315 1141 2389 Bruti
1167 2340 1217 2389 re·

180 2469 366 2538 censionem
395 2466 613 2536 instruendam
643 2481 676 2538 et
702 2467 874 2540 ornandam
901 2468 1081 2560 colligenti.
1136 2466 1219 2539 Cum

72 2606 84 2617 ”
177 2619 264 2689 enim
295 2617 465 2711 utriusque
498 2619 603 2710 operis
638 2619 809 2691 consilium
843 2632 878 2689 et
909 2630 1135 2710 argumentum
1168 2639 1219 2685 so·

175 2770 301 2845 sistatis
339 2767 477 2864 quodam
510 2769 640 2841 vinculo
672 2794 854 2843 connexum
885 2768 1053 2857 viderem,
1094 2781 1131 2840 ut
1158 2792 1218 2840 neo

174 2934 265 2992 recte
293 2920 430 3014 intelligi
456 2944 517 2990 nco
546 2919 629 2991 benc
656 2922 812 3014 explicari
838 2920 958 2993 Brutus
986 2933 1120 3015 posset,
1155 2921 1219 2993 nisi

174 3098 219 3143 ex
243 3072 334 3144 libris
369 3072 409 3142 de
438 3069 599 3161 Oratore,
634 3073 786 3165 paulatim
819 3097 858 3144 eo
886 3073 1037 3144 voluntas
1069 3071 1216 3166 deflexit,

173 3239 210 3297 ut
240 3227 273 3295 in
299 3223 351 3294 his
385 3224 590 3317 praecipuam
627 3247 758 3318 operam
785 3222 962 3319 ponendam
993 3223 1216 3312 decernerem,

172 3377 273 3449 Bruto
307 3373 504 3446 subsiciuam
537 3374 695 3469 quandam
728 3399 838 3447 curam
875 3377 1089 3470 assignarem.
1151 3371 1218 3447 Sed
1256 3412 1272 3433 ο

174 3551 244 3600 cum
280 3526 449 3620 negotium
484 3524 564 3597 illud
598 3526 695 3598 nullis
730 3526 832 3600 adhuc
868 3526 960 3598 libris
996 3526 1127 3620 scriptis
1164 3551 1216 3597 ac·

174 3693 285 3751 ctrrate
312 3678 463 3750 excussis
493 3677 657 3772 plerisque
686 3677 779 3772 plane
807 3680 928 3773 ignotis
955 3691 990 3748 et
1016 3678 1235 3749 latitantibus

171 3830 340 3902 admodum
373 3831 534 3919 lubricum
561 3830 635 3901 essi
662 3829 829 3924 viderem,
865 3831 928 3901 nisi
957 3830 1051 3901 novis
1077 3831 1215 3923 scriptu·

170 4008 232 4056 rae·
262 3981 478 4055 emendandae
512 3979 663 4055 subsidiis
699 3984 841 4074 repertis
878 3982 1013 4052 oonsilio
1047 4004 1098 4050 me
1135 3980 1215 4050 satis

171 4135 377 4237 laceretnon
403 4156 502 4230 posse
530 4129 763 4227 intelligebam.
819 4129 901 4202 Cum
927 4131 1027 4219 igitur
1056 4140 1130 4194 ante
1156 4126 1215 4192 hos
