2968 4596
267 344 333 415 40
508 394 510 401 .
664 335 919 406 CICERONIS

268 510 346 602 ipsis
361 510 390 576 si
406 510 448 575 sit
462 508 493 574 ei
510 506 688 586 dicandum,
710 527 781 575 oum
797 509 980 593 cognoverit
1000 506 1040 574 ab
1059 508 1118 586 iis‚·
1129 509 1182 596 qui
1197 519 1315 587 terrent,

270 649 352 718 qnae
379 629 441 693 sint
468 627 502 692 im
527 645 649 712 quaque
677 645 727 704 re,
757 626 853 693 multo
880 636 1037 693 oratorem
1062 624 1188 706 melias,
1219 647 1316 714 quam

235 780 238 785 ⁴
269 751 357 836 ipsos
371 745 459 822 illos,
483 764 612 830 quorum
627 763 686 810 cae
702 745 764 810 sint
778 754 877 824 artes,
900 765 973 811 esse
988 744 1148 811 dicturum.
1190 745 1243 811 66.
1264 743 1316 812 Ita

271 867 300 932 si
326 865 366 930 de
391 883 427 929 rs
449 862 577 928 militari
598 862 763 928 dicendum
783 861 856 927 huic
877 865 937 927 erit
957 860 1114 950 Sulpicio,
1140 872 1316 949 quaeretis

271 981 306 1048 G.
322 981 429 1047 Mario
452 978 538 1044 affini
555 988 683 1057 nostro3
705 988 824 1045 etcum
844 981 1014 1067 acceperit,
1035 980 1315 1067 itapronumtiabit,

219 1171 226 1178 ,
269 1111 303 1167 nt
323 1101 384 1187 ipsi
407 1096 442 1162 C.
457 1095 563 1163 Mario
584 1115 685 1183 paene
706 1094 758 1162 hic
780 1094 906 1176 molins,
931 1117 1024 1183 quam
1045 1099 1127 1184 ipse,
1149 1097 1209 1164 illa
1229 1099 1314 1165 sciro

269 1200 431 1295 videatnr3
463 1216 514 1280 sin
541 1214 580 1279 de
607 1216 674 1280 inre
701 1214 801 1291 civili,
828 1192 1196 1282 tecum'communicabit
1219 1225 1315 1302 teque

269 1334 426 1403 hominem
446 1332 718 1420 prudentissimum
732 1341 763 1398 et
775 1334 997 1420 peritissimum
1011 1334 1045 1399 in
1058 1334 1099 1400 iis
1115 1335 1193 1420 ipsis
1207 1333 1318 1410 rebus,

269 1586 354 1643 Acad.
373 1584 395 1641 1.
417 1584 465 1650 35,
486 1583 553 1638 119ε
584 1586 616 1637 io
640 1588 743 1637 tactor
767 1587 923 1656 capacitas
946 1588 976 1638 ci
998 1587 1160 1639 stoicorum
1181 1585 1312 1640 dumeto.

269 1673 302 1728 ln
323 1670 378 1726 Off.
397 1669 432 1727 ll.
454 1670 530 1736 1,1.
560 1667 597 1721 dc
621 1671 760 1723 instituto
782 1686 820 1722 oc
841 1669 953 1724 iudicio
975 1687 1042 1723 meo
1064 1669 1182 1724 sortasse
1211 1671 1315 1724 rectius

270 1758 332 1820 cod.
358 1754 441 1810 Goth.
477 1752 567 1807 Etiam
589 1753 662 1806 infra
686 1754 735 1820 59,
758 1754 810 1808 995
842 1755 935 1825 plures
961 1754 1051 1809 codd:
1072 1754 1190 1808 fortasse
1211 1754 1314 1809 rectius

270 1843 397 1897 omittunt
417 1844 467 1902 ior
487 1838 521 1892 ci.
538 1836 585 1891 ΙΙΙ.
599 1837 720 1903 99,111.
747 1837 851 1891 Contra
867 1839 896 1891 im
911 1837 994 1891 rebus
1012 1838 1168 1909 simpliciter
1179 1839 1314 1909 composi·

270 1928 305 1983 tis
321 1923 492 1997 praepositio
508 1922 631 1985 additur,
650 1922 698 1976 nbi
712 1921 831 1975 libenter
846 1940 881 1977 ea
893 1939 1003 1990 carens,
1022 1923 1098 1977 velut
1114 1922 1148 1977 ΙΙ.
1163 1924 1207 1989 11,
1219 1925 1261 1978 44.
1276 1950 1315 1965 —

270 2016 300 2071 si
315 2011 372 2076 sii]
397 2012 426 2061 si
441 2015 505 2060 ante
525 2005 571 2058 isis
591 2004 628 2058 dc
646 2004 733 2059 reboet
751 2014 857 2075 ponunt
880 2005 932 2061 (76.
949 2008 974 2063 3.
996 2017 1024 2062 et
1044 2006 1094 2079 Lg.
1117 2017 1227 2079 praeter
1242 2009 1268 2062 9.
1286 2010 1313 2063 4.

269 2097 313 2158 13.
332 2095 375 2146 17.
393 2093 435 2146 99.
456 2090 499 2144 93.
518 2091 560 2145 39.
578 2090 621 2144 36.
639 2089 682 2144 69.
699 2089 742 2144 81.
763 2090 822 2156 85.,
840 2091 890 2144 sed
909 2101 937 2145 et
954 2093 989 2147 39
1007 2101 1035 2145 et
1051 2092 1086 2148 69
1104 2111 1122 2146 a
1137 2110 1209 2146 corr.
1242 2092 1313 2147 Gon·

268 2178 346 2234 venit
363 2181 418 2230 siis
435 2177 535 2229 dcorr.
557 2179 585 2228 si
600 2173 663 2239 his,
682 2179 711 2228 si
727 2173 786 2228 hiis
803 2175 846 2229 17.
864 2178 894 2228 si
908 2179 948 2230 iis
962 2176 1004 2230 90.
1016 2177 1058 2232 95.
1075 2206 1111 2217 -
1135 2179 1313 2247 copnoocrit]

270 2264 424 2335 cpooocrit
449 2259 498 2331 Lg.
517 2260 542 2314 3.
562 2260 604 2314 67.
622 2258 665 2315 69,
687 2260 726 2312 ita
741 2277 769 2314 v.
788 2259 830 2314 39.
870 2264 1005 2331 oopoorii
1028 2262 1070 2316 76.
1089 2260 1132 2315 81.
1158 2270 1186 2315 ct
1208 2261 1315 2332 Anglici

270 2348 394 2418 quidam,
412 2353 443 2398 ut
460 2343 527 2399 Ero.
548 2376 579 2384 -
605 2361 722 2415 qaoque
738 2346 782 2413 rc]
801 2360 979 2415 uinoquaqoc
995 2364 1028 2399 rc
1044 2344 1094 2417 Lg.
1101 2346 1144 2399 93.
1162 2354 1190 2398 ct
1207 2345 1314 2399 divisim

270 2434 314 2488 36.
338 2447 510 2501 peractoque
527 2429 570 2485 69.
586 2458 621 2470 -
658 2432 738 2501 ipsos
754 2429 834 2497 illos]
854 2429 909 2483 inv.
928 2427 979 2501 Lg.
997 2429 1041 2484 69.
1059 2430 1101 2485 71.
1117 2429 1160 2483 81.
1180 2457 1216 2470 -
1248 2431 1313 2498 eae]

269 2517 323 2587 loeo
345 2515 395 2587 Lg.
414 2516 439 2570 9.
476 2513 512 2568 dc
532 2516 557 2570 3.
577 2516 602 2569 4.
620 2514 662 2569 13.
681 2515 723 2568 lt
741 2515 783 2568 91.
802 2515 844 2569 39.
865 2513 907 2569 35.
926 2514 969 2568 67.
988 2514 1030 2570 69.
1055 2531 1108 2569 om.
1127 2515 1153 2569 6.
1171 2542 1207 2555 ·-
1240 2516 1313 2583 siai]

268 2603 309 2667 sic
334 2601 385 2656 Gu.
406 2602 432 2656 3.
456 2599 507 2671 Ing.
528 2601 553 2654 9.
573 2601 598 2655 4.
619 2601 662 2655 13.
682 2600 717 2654 39
735 2617 807 2653 corr.
833 2599 877 2653 36.
898 2598 940 2653 69.
966 2597 1075 2665 Lamia,
1107 2599 1203 2667 quibus
1225 2598 1314 2670 parui,

272 2687 347 2757 quod
366 2688 393 2740 in
413 2685 530 2756 opodosi
548 2684 700 2738 sententiae
717 2683 843 2737 oratione
862 2682 972 2752 obliqua
989 2684 1098 2755 prolata
1115 2684 1214 2737 ceteris
1232 2683 1313 2737 etiam

267 2773 336 2827 locis
354 2770 519 2825 coniunctivi
536 2776 705 2839 comparent.
738 2767 780 2823 At.
800 2773 876 2825 scot.

357 2872 401 2925 66.
437 2870 495 2936 ita]
517 2872 619 2937 itaque
640 2866 691 2939 mg.
709 2868 752 2923 69.
770 2896 806 2910 »-
842 2867 911 2924 duic
929 2870 999 2937 erit]
1025 2868 1081 2923 inv.
1099 2868 1149 2941 ng.
1166 2869 1191 2924 3.
1210 2867 1253 2924 67.
1275 2867 1314 2922 ita

270 2973 342 3013 corr.
361 2956 404 3009 39.
420 2982 456 2995 —
491 2969 510 3005 o
537 2951 566 3006 0.
587 2951 700 3020 Morio]
725 2953 871 3008 cimelio
894 2953 946 3007 Ga.
964 2955 989 3009 3.
1015 2963 1043 3007 et
1066 2971 1119 3009 om.
1140 2970 1200 3022 sqq.
1227 2968 1314 3021 usqne

270 3042 306 3095 ad
317 3056 423 3113 poene.
463 3036 496 3091 G.
518 3055 568 3107 pro
590 3036 619 3092 0.
638 3038 771 3103 nonnulli,
790 3040 987 3093 61661666-
1006 3037 1109 3108 offitii]
1129 3055 1186 3092 non
1202 3037 1314 3091 moltam

270 3126 365 3181 obsum
388 3122 452 3192 quin
477 3121 569 3192 affine
591 3122 708 3175 scribam
730 3140 766 3176 ex
789 3122 840 3194 Lg.
863 3123 889 3177 9.
911 3122 954 3178 99.
973 3123 1015 3179 69.
1033 3124 1077 3179 76.
1096 3124 1138 3178 81.
1165 3123 1217 3177 Gu.
1238 3124 1264 3176 1.
1285 3120 1313 3177 9.

268 3210 308 3264 ita
330 3226 391 3263 var.
413 3207 456 3262 39.
495 3205 578 3264 Quod
602 3206 785 3261 Schneiderus
809 3207 874 3261 dicit
896 3226 923 3278 p.
941 3209 1002 3263 999.
1027 3207 1095 3261 illud
1116 3216 1227 3278 praeter
1249 3205 1313 3260 Ter.

270 3295 337 3350 Hoc.
356 3293 390 3347 V.
410 3293 441 3358 3,
458 3291 484 3346 9.
510 3300 586 3345 certa
608 3291 666 3345 fide
687 3310 743 3345 non
767 3310 842 3358 esse,
866 3308 923 3345 nom
942 3292 1078 3346 constabit
1097 3291 1221 3363 pluribus
1236 3290 1314 3344 libris

258 3379 422 3443 roccus-atius
445 3378 589 3448 inspectis3
613 3377 677 3430 vide
702 3369 816 3433 Quintil.
834 3374 882 3431 vl.
906 3378 939 3443 3,
956 3376 999 3431 86.
1025 3385 1052 3430 ct
1072 3375 1239 3440 Charisium‚
1267 3375 1314 3441 qui

269 3463 368 3520 stodilo
384 3464 475 3516 attufit
491 3461 609 3516 fortasse
627 3460 663 3515 ex
680 3461 850 3531 autographo
869 3460 1010 3515 Ciceronis
1028 3462 1068 3530 (p.
1076 3460 1136 3514 478,
1155 3457 1265 3526 Oceli).
1277 3485 1315 3498 —-

270 3548 367 3618 odfini
398 3547 449 3619 Lg.
472 3548 516 3602 65.
542 3547 582 3601 76.
609 3547 651 3601 73.
674 3545 716 3600 84.
754 3545 880 3599 Ceterum
901 3552 1003 3600 nostro
1023 3544 1116 3614 affine
1137 3542 1187 3614 Lg.
1207 3543 1249 3597 76.
1269 3541 1314 3597 81.

270 3634 322 3688 Gn.
341 3635 367 3688 1.
390 3659 427 3672 -
461 3632 619 3705 occeperit]
645 3633 761 3703 occepit
783 3629 834 3702 Lg.
854 3631 880 3685 9.
911 3631 1064 3704 adceperit
1086 3629 1129 3684 65.
1152 3628 1194 3683 79.
1218 3627 1261 3681 84.
1278 3654 1314 3667 -

265 3714 492 3790 pronuntiabit]
520 3716 590 3770 haec
609 3717 674 3786 (per
692 3722 705 3769 i
722 3715 841 3784 literam)
863 3724 905 3769 est
921 3724 1051 3769 constans
1067 3714 1233 3785 optimorum
1250 3711 1314 3765 scri·

269 3810 367 3873 ptura,
389 3799 434 3854 iric
458 3801 568 3869 quidem
589 3799 716 3853 omnibus
738 3817 780 3870 pr.
801 3801 843 3855 17.
862 3800 904 3855 73.
928 3817 981 3855 om.
1002 3798 1072 3853 haec
1091 3813 1178 3864 usque
1196 3797 1232 3849 ad
1250 3800 1314 3850 iore

270 3886 352 3941 civili
375 3887 417 3941 94.
434 3914 470 3927 —
511 3883 553 3952 0.]
585 3900 638 3937 om.
661 3882 756 3939 Lamb.
781 3885 869 3949 male,
894 3901 923 3940 v.
948 3883 1023 3955 expi.
1048 3884 1085 3937 ad
1108 3880 1156 3937 ΙΙΙ.
1181 3882 1256 3948 1,4
1278 3907 1314 3922 ·-·

270 3975 333 4043 ipse
356 3970 427 4038 iiio]
454 3969 509 4022 illa
532 3972 595 4039 ipsc
619 3965 668 4037 Lg.
694 3969 736 4024 20.
761 3969 802 4024 76.
826 3969 869 4024 81.
894 3995 930 4010 -
960 3968 1117 4035 commuta]
1142 3982 1237 4021 coam.
1262 3963 1314 4036 Lg.

269 4055 312 4110 69.
336 4085 372 4097 -
407 4053 505 4124 teque]
537 4057 566 4104 tc
591 4049 627 4104 U.
652 4070 679 4120 γ.
706 4053 731 4105 δ.
758 4070 780 4106 ε.
809 4052 881 4106 Vict.
905 4051 957 4107 Gn.
985 4055 1009 4109 1.
1035 4054 1060 4108 9.
1085 4053 1111 4107 3.
1143 4049 1195 4121 Lg.
1219 4065 1315 4105 omnes

269 4157 310 4209 pr.
337 4139 380 4194 76.
405 4138 448 4192 81.
476 4135 519 4190 86.
549 4134 593 4189 86.
623 4133 661 4188 ita
682 4152 753 4192 corr.
781 4135 823 4192 76.
848 4145 937 4191 ortum
966 4137 1002 4195 ab
1027 4137 1085 4204 eis,
1117 4135 1164 4205 qui
1191 4140 1221 4191 ic
1247 4148 1315 4206 opo·
