2958 4584
368 247 463 375 ‘nn
492 265 719 339 onnnonn
746 267 871 336 nunna
890 268 929 336 u.
952 270 1002 336 no.
1114 249 1230 343 ‘aas

161 421 249 511 'non
277 441 427 508 didicisse
457 442 559 506 minus
585 440 762 526 poeniteat3
797 439 915 507 dimitto
948 450 1049 505 autom
1080 458 1136 506 eos
1168 460 1232 505 nou

168 536 254 626 ‘mm
276 558 511 635 contumeliose,
539 577 631 643 quam
653 555 871 644 philosophum
892 557 978 622 illum
1000 555 1174 634 Hannibal,
1201 566 1232 622 et

162 656 229 744 ¹eo
257 678 392 743 tortasse
421 675 492 762 plus
521 674 625 740 babeo
657 676 751 739 etiam
782 676 911 757 negotii.
955 671 1021 739 Sed
1051 683 1156 739 tamon
1182 684 1232 740 est

190 814 296 861 conum
321 794 476 869 doctrina,
503 803 649 877 quantum
675 811 736 875 ego
762 790 903 856 iudicare
929 811 1071 877 possum,
1088 793 1231 877 'perridi-

191 912 270 978 cula
314 911 365 977 ts.
392 908 539 976 Dividunt
565 911 649 973 enim
673 918 770 976 totam
795 928 862 973 rem
888 910 921 974 in
949 908 1027 973 duas
1055 911 1169 994 partis,
1186 912 1231 973 iu

111 1048 117 1063 “
189 1048 305 1096 causae
328 1030 575 1095 controuersiam
601 1035 632 1091 et
657 1027 689 1090 iu
711 1027 915 1111 quaestionis.
960 1024 1096 1091 Causam
1124 1025 1231 1112 appel-

188 1146 255 1212 lant
275 1143 489 1239 rem'positam
512 1146 545 1208 in
562 1143 785 1229 disceptatione
807 1164 932 1209 reorum
953 1153 984 1208 ot
1001 1145 1230 1222 controversia3
1315 1221 1316 1224 Ἴ

159 1245 403 1350 ‘quaestionem
435 1271 537 1349 autem
562 1279 627 1326 rem
652 1264 786 1346 positam
816 1263 849 1326 in
879 1260 999 1326 infiutita
1029 1260 1230 1337 dubitatione.

188 1378 236 1447 Do
253 1401 358 1447 causa
377 1388 545 1467 praecepto
566 1378 658 1458 dant3
680 1378 719 1443 de
742 1378 843 1443 altera
863 1389 951 1465 parte
974 1378 1098 1445 dicendi
1119 1382 1231 1445 mirum

277 1650 319 1703 78.
355 1650 464 1721 portis]
483 1648 578 1718 scripsi
595 1665 629 1701 ex
649 1647 700 1717 Lg.
720 1644 760 1708 13.
777 1674 812 1684 ·-
837 1636 1028 1714 quaestionis]
1046 1651 1232 1716 quaestiones

95 1726 98 1731 ’
192 1736 226 1802 (s.
248 1734 427 1802 questiones)
446 1733 498 1787 Gn.
513 1733 535 1787 l.
554 1732 605 1804 Lg.
618 1731 644 1784 D.
658 1733 683 1784 t.
700 1729 741 1783 13.
757 1728 799 1783 20.
817 1729 851 1782 36
865 1747 935 1785 corr.
956 1740 985 1783 ut
1000 1730 1036 1796 3.,
1053 1733 1098 1799 qui
1116 1750 1176 1785 cunr
1190 1733 1232 1787 76.

192 1827 221 1872 et
245 1817 315 1871 Vici.
341 1821 528 1888 questionem..
551 1847 587 1859 -
619 1815 787 1889 appellant]
813 1814 967 1886 adpsciiont
989 1816 1038 1887 Lg.
1063 1817 1105 1870 65.
1132 1817 1173 1871 73.
1197 1845 1233 1859 ·-

190 1892 321 1971 reora'aru]
344 1920 443 1974 serant
466 1903 544 1956 codd.
570 1902 703 1972 plerique.
737 1896 998 1952 Praestantissimum
1021 1903 1181 1970 scripturam
1195 1904 1231 1957 in

189 1987 279 2042 ssavo.
298 1986 322 2041 3.
347 1986 404 2041 nrt.
426 1987 449 2040 1.
475 1995 612 2056 repertam
635 1993 702 2038 eta
721 1984 784 2038 Scb.
803 1982 900 2036 Mucii.
921 1981 970 2037 01¹.
989 1984 1072 2040 Henr.
1094 1997 1232 2058 receptant

188 2072 298 2126 firmam
316 2072 396 2125 etiam
413 2073 463 2142 Lg.
482 2070 540 2137 36,
562 2072 589 2124 in
606 2086 660 2139 quo
677 2068 749 2121 idem
768 2069 876 2138 iegitur,
897 2078 923 2122 et
941 2069 966 2120 2.
984 2072 1008 2124 d.
1029 2071 1055 2124 in
1073 2060 1170 2140 ouibus
1189 2081 1232 2127 est

189 2175 298 2211 eoram.
334 2156 473 2226 improbat
489 2155 606 2220 Baitios,
623 2154 663 2206 bis
682 2153 753 2206 inita
773 2170 807 2206 eo
824 2152 962 2208 vocabulo
983 2173 1060 2210 usum
1076 2175 1137 2212 esse
1156 2158 1232 2212 Cice·

142 2237 145 2241 ’
189 2258 300 2305 nonem,
322 2242 371 2295 sed
389 2242 616 2312 interpretatione
634 2238 728 2291 addita
745 2238 852 2304 dicens,
876 2255 926 2291 nec
945 2240 1076 2293 credibile
1096 2241 1183 2295 rideri
1203 2243 1231 2295 in
1281 2250 1285 2270 ¹

155 2386 157 2392 Ι
190 2324 324 2378 communi
346 2342 473 2378 sermone
499 2325 533 2377 de
550 2325 584 2376 iis
609 2331 766 2392 usurpatum
788 2339 866 2388 esse,
892 2339 1007 2390 quorum
1030 2342 1075 2377 res
1095 2334 1232 2395 ageretur,

190 2418 221 2463 ut
239 2409 266 2460 in
287 2407 474 2473 definitionem
492 2408 621 2460 asciverit
638 2407 780 2461 Antonius.
808 2406 871 2463 Qtua
890 2407 925 2459 de
941 2424 972 2460 re
992 2409 1104 2479 corrigit
1121 2412 1152 2462 in
1170 2410 1232 2463 dis-

191 2497 361 2566 ceptatione
377 2498 407 2544 et
423 2497 505 2545 certa
523 2495 731 2545 controuersia.
758 2491 794 2544 At
809 2508 864 2544 non
878 2508 947 2559 opus
960 2500 1003 2544 est
1020 2494 1089 2546 aiios
1108 2497 1233 2564 posuisse

190 2581 219 2634 iu
237 2576 413 2642 definitione,
438 2577 461 2629 si
477 2577 611 2630 Antonius
633 2575 677 2629 bic
694 2575 837 2629 brevitatis
856 2575 995 2627 studiosus
1012 2576 1148 2631 vocabulo
1169 2597 1233 2634 usus

192 2672 241 2718 est.
280 2661 389 2717 Deinde
406 2678 429 2713 c.
451 2659 574 2725 rasel.
593 2661 700 2715 subiicit
718 2661 825 2729 quidem
846 2657 1049 2725 definitionem,
1066 2661 1116 2715 sed
1134 2664 1186 2731 ita,
1204 2674 1233 2719 ut

190 2757 335 2820 postquam
359 2747 487 2799 universe
511 2745 580 2798 dixit
604 2763 642 2798 en
663 2761 715 2797 reo
740 2750 792 2796 aut
815 2761 853 2796 en
873 2744 1046 2798 adversario
1067 2753 1121 2800 aut
1143 2766 1181 2802 en
1200 2768 1233 2802 re

192 2840 246 2886 ant
264 2850 303 2885 en
315 2835 354 2885 its
372 2830 455 2902 apud
471 2847 545 2900 quos
563 2836 677 2900 apator,
697 2829 734 2882 ita
750 2837 861 2900 pergat:
880 2828 931 2883 En
948 2847 999 2884 reo
1016 2833 1096 2900 (reos
1114 2835 1233 2906 appello

191 2932 315 2988 pecorum
337 2934 386 2969 res
410 2918 484 2982 cst),
506 2932 582 2984 petae
605 2913 778 2984 stpnificent.
815 2913 890 2986 Ergo
912 2914 935 2968 si
958 2933 993 2968 ea
1014 2919 1153 2987 speciatim
1177 2937 1232 2973 non
1309 2971 1320 2990 ,

193 3009 264 3055 esset
291 3008 450 3069 exsecutus,
474 2997 664 3052 definitionem
687 3000 834 3053 omissuros
858 3010 925 3054 erat.
970 3001 1080 3056 Deinde
1103 3004 1162 3056 sine
1188 3005 1233 3058 de·

190 3085 316 3140 finitione
334 3086 460 3138 dicuntur
481 3101 543 3147 ras,
565 3100 641 3152 puae
659 3083 700 3135 ad
718 3089 867 3138 oratorem
885 3102 904 3137 a
922 3103 1014 3139 causa
1032 3094 1119 3156 atque
1137 3106 1156 3141 a
1174 3094 1233 3144 reis

190 3172 353 3225 deierantur
368 3170 412 3235 27,
432 3168 499 3234 120„
518 3185 572 3237 quo
592 3167 698 3236 quidem
717 3167 780 3220 loco
792 3167 898 3222 Bakius
915 3188 1065 3240 perversae
1083 3174 1234 3244 scripturae

192 3273 213 3309 a
230 3254 412 3309 redeiensor
434 3271 495 3307 sese
516 3253 618 3306 dixisse
636 3252 675 3304 ait
693 3268 759 3304 reos
777 3252 816 3304 sic
833 3254 860 3306 in
879 3256 1013 3308 communi
1034 3274 1161 3312 sermone
1178 3277 1233 3315 non
1304 3264 1310 3276 '

191 3340 334 3411 appellari.
375 3338 482 3392 Vellem
511 3336 670 3407 probassem
703 3336 819 3389 dicendo
849 3339 958 3406 quidem
988 3326 1053 3394 nibii
1081 3343 1232 3401 coniicitur.

191 3424 340 3479 Lambinus
353 3440 453 3477 rerum
465 3429 733 3485 contraventurum,
752 3420 884 3475 Ernestus
896 3441 1095 3495 personarunt
1108 3431 1234 3498 coniecit,

191 3516 346 3580 suspectum
369 3518 459 3573 ratus,
490 3507 564 3575 quod
586 3507 723 3576 sequitur,
749 3512 779 3558 ei
802 3506 1235 3584 controuersia5'lieusingerus

191 3593 309 3661 denique
324 3609 524 3665 personarum
543 3597 572 3644 at
592 3597 755 3663 tanuponam
769 3597 983 3653 controuersia.
1002 3625 1036 3637 -
1066 3602 1096 3650 in
1114 3600 1180 3668 infi]
1203 3607 1235 3656 in

192 3695 245 3733 om.
263 3670 314 3748 Lg'.
333 3679 357 3733 4.
378 3677 418 3732 13.
437 3676 472 3728 32
492 3676 553 3729 adul.
578 3674 621 3728 36.
639 3675 682 3729 69.
716 3674 865 3743 infinitam
886 3677 911 3731 D.
931 3678 971 3732 13.
994 3680 1028 3733 32
1045 3700 1115 3738 corr.
1139 3684 1181 3740 36.
1198 3715 1234 3747 -‚

191 3762 389 3830 dubitatione]
414 3761 569 3815 divisionis
592 3758 807 3840 dubitationem
826 3780 896 3818 corr.
935 3765 1119 3821 dubitatione
1141 3769 1189 3841 Lg.
1209 3773 1234 3827 2.
1283 3784 1286 3787 ¹

140 3852 143 3860 ’
171 3919 173 3922 y
194 3846 234 3900 13.
248 3846 282 3899 33
294 3864 364 3929 corr:
377 3855 434 3901 u.·t.
450 3845 492 3900 36.
504 3845 547 3898 st.
572 3845 670 3899 dionis
683 3848 742 3915 (z)
756 3846 822 3901 dub.
836 3849 860 3903 d.
875 3879 910 3890 κ-
926 3850 1057 3920 dicendi]
1071 3870 1125 3908 om.
1137 3855 1234 3913 Lami),

190 3949 219 3988 v.
239 3932 447 4001 explicationes.
463 3959 499 3971 -
524 3929 618 3984 silent.
638 3932 694 3997 est]
714 3937 758 3984 est
777 3949 830 3985 om.
848 3932 900 3988 Gn.
919 3935 944 3988 ⁸2.
967 3935 1017 4006 lug.
1037 3945 1147 4006 praeter
1164 3941 1189 3995 D.
1207 3943 1233 3998 3.

191 4018 216 4072 4.
237 4016 276 4071 13.
295 4015 336 4070 32.
356 4016 398 4070 35.
418 4014 460 4069 36.
477 4014 520 4069 69.
538 4015 580 4068 81.
598 4016 641 4072 93.
668 4018 731 4071 item
749 4017 809 4072 Atd.
829 4017 896 4074 lunt.
916 4018 988 4074 Crat.
1006 4020 1085 4088 Maur,
1119 4041 1235 4079 mnam

190 4116 243 4171 pro
262 4104 340 4156 adro
358 4101 412 4172 legi
429 4099 536 4155 Bakius
554 4100 621 4153 vult.
677 4158 683 4165 ,
