2876 4612
378 305 438 372 DE
466 303 696 374 ORATORE
722 302 992 373 tinnientes
1110 307 1199 378 581

152 476 242 542 venis
270 493 380 540 cursus
406 483 437 539 et
461 494 496 539 se
517 472 654 540 tuebitur
678 483 709 539 et
731 475 848 539 actioni
871 473 981 540 aderet
1002 476 1196 540 suauitatem.

154 590 222 657 Sed
242 589 446 656 fistulatorem
468 591 551 656 domi
572 590 770 675 relinquetis,
798 608 924 656 sensum
949 589 1041 655 buius
1064 610 1198 656 eonsue-

150 708 268 774 tudinis
293 707 456 774 vebiseum
484 707 525 772 ad
553 706 653 772 lunum
681 706 839 773 deseretis.
891 706 964 771 228.
995 704 1088 772 Edidi
1116 726 1197 792 quae
1267 794 1271 797 Ἴ

150 822 263 910 petui3‘
282 844 346 890 non
372 833 404 888 ut
424 823 524 900 volui,
552 823 615 889 sed.
630 832 664 888 ut
689 843 738 887 ms
760 825 908 909 temperis
936 806 1101 907 augustiae
1123 832 1197 891 eei·

61 983 75 1004 .
151 949 271 1024 genunt.
325 936 445 1006 Scitum
476 949 525 1004 est
559 941 641 1004 enim
673 958 803 1004 eausam
834 938 977 1005 conferre
1008 942 1041 1003 in
1066 949 1196 1026 tempus,

152 1076 223 1123 eum
244 1055 356 1122 afferre
371 1055 471 1141 plura,
494 1057 523 1121 si
544 1058 663 1142 cupias,
685 1046 756 1122 nen
772 1075 879 1141 queas.
923 1053 974 1119 Tu
990 1036 1086 1131 veto,
1098 1056 1197 1141 inquit

151 1171 297 1248 Catulus,
319 1171 478 1255 collegisti
500 1173 618 1250 emnia,
645 1182 793 1257 quantum
814 1192 874 1256 ege
896 1190 1023 1257 possum
1044 1172 1195 1250 iudicare,

150 1290 199 1354 ita
220 1288 381 1365 divinitus,
403 1297 521 1354 utnon
543 1308 564 1353 a
586 1287 719 1354 Graecis
742 1289 928 1374 sumpsisse,
950 1285 1086 1354 sedens
1108 1289 1195 1375 ipses

149 1403 232 1470 baec
258 1404 372 1471 ducere
397 1424 492 1489 posse
513 1404 652 1473 videare.
695 1403 750 1471 Me
778 1405 902 1491 quidem
928 1405 1019 1469 istius
1039 1383 1195 1471 sennenis

88 1600 93 1605 Ι
148 1521 332 1607 participent
347 1519 462 1589 sactum
479 1540 552 1585 esse
568 1521 708 1605 gaude03
727 1539 766 1585 ae
780 1519 905 1598 vellem,
923 1522 976 1599 [ut]
994 1539 1081 1585 mens
1097 1541 1196 1605 gener

150 1636 272 1706 sodalis
293 1645 363 1705 tuus
385 1635 571 1703 Hortensius
594 1636 749 1714 affuisset,
777 1656 867 1721 quem
891 1636 1015 1721 quidem
1037 1656 1097 1721 ege
1120 1657 1196 1703 nnn-

149 1752 211 1819 fide
239 1751 381 1821 omnibus
407 1754 477 1818 istis
499 1752 664 1831 laudibus,
693 1773 771 1838 quas
797 1762 830 1817 tu
852 1756 994 1818 eratione
1017 1753 1195 1839 complexus

150 1890 201 1947 es,
223 1868 427 1935 excellentem
450 1868 527 1935 lore.
570 1862 643 1934 2292
670 1866 709 1937 Et
732 1867 883 1945 Crassus,
911 1867 991 1935 Fure
1015 1868 1120 1934 dicist
1146 1871 1195 1934 iu-

152 1987 232 2070 quit3
255 2004 315 2069 ege
336 2004 412 2050 vero
435 1997 510 2050 esse.
530 1988 593 2051 iam
615 1985 721 2081 iudice
744 1994 775 2050 et
794 1995 858 2050 tum
879 1985 1030 2062 iudicavi,
1054 2005 1123 2050 eum
1146 2006 1194 2051 me

151 2102 279 2171 nnusule
316 2103 349 2166 in
380 2112 492 2169 senatu
505 2194 508 2209 η
522 2123 651 2173 causam
682 2103 821 2175 defendit
851 2078 999 2179 Altinae,
1035 2096 1194 2189 nuperque

153 2324 182 2368 ut
199 2317 225 2370 3
242 2310 299 2368 36.’
321 2313 460 2385 estquod
482 2316 507 2369 3.
526 2319 551 2370 4.
569 2319 594 2372 6.
621 2318 660 2373 15.
682 2319 724 2383 34.
746 2318 789 2387 67.
806 2317 849 2372 86.
875 2316 972 2373 Latnb.
1008 2335 1065 2386 qun
1090 2318 1131 2372 17.
1150 2318 1193 2373 35.

150 2398 228 2454 Man.
266 2414 396 2469 quaeque
412 2399 454 2453 31.
491 2417 547 2468 quo
566 2418 619 2471 qus
637 2402 679 2456 33.
700 2430 736 2444 ·-
766 2408 796 2454 nt
819 2403 880 2454 tum
903 2399 941 2452 ab
959 2403 1039 2472 ipss]
1062 2401 1195 2455 libiorum

149 2483 285 2552 scriptura
309 2487 338 2533 et
362 2488 461 2535 samm
484 2500 511 2538 a.
537 2487 557 2539 i.
583 2487 735 2538 sententiae
757 2485 934 2548 adversatum
965 2485 1019 2537 sed
1043 2489 1106 2538 ium
1129 2485 1194 2541 scu.

150 2565 249 2620 Muell.
274 2571 303 2619 et
326 2568 387 2619 tam
409 2565 510 2633 Heus,
534 2584 614 2637 quem
638 2585 754 2638 sequor,
778 2585 834 2621 non
858 2577 887 2621 ut
909 2576 1082 2638 persanatum
1104 2577 1194 2623 tannen

150 2650 240 2705 lounuu
257 2658 356 2718 putem.
374 2677 409 2693 -ω
434 2657 463 2703 et
479 2649 539 2718 bin]
557 2650 605 2703 bie
623 2669 676 2705 nm.
694 2650 745 2721 Lg.
764 2651 789 2705 3.
809 2654 834 2706 4.
855 2651 893 2706 13.
912 2651 954 2706 34.
973 2651 1007 2703 33
1024 2652 1087 2707 add.
1105 2653 1148 2707 36.
1159 2681 1195 2694 -

148 2751 202 2804 pet·
219 2735 326 2800 omnis]
345 2733 409 2786 dedi
428 2751 463 2786 ex
479 2733 530 2805 ng.
548 2734 588 2805 13.
610 2735 650 2789 lt.
671 2734 771 2792 1516.
792 2736 832 2788 17.
851 2735 893 2789 31.
910 2735 952 2788 33.
970 2734 1012 2789 35.
1030 2735 1073 2788 65.
1091 2736 1133 2791 76.
1151 2737 1194 2791 73.

150 2816 191 2870 76.
210 2845 246 2860 -
276 2819 403 2884 astioni]
428 2821 507 2871 actio
530 2817 580 2887 bg.
597 2819 614 2870 3
631 2836 702 2874 eon-n.
730 2819 782 2876 Gn.
801 2819 826 2873 3.
863 2823 1009 2872 orationis
1031 2820 1074 2873 69.
1098 2820 1141 2875 93.
1159 2849 1195 2860 -

152 2898 273 2968 afferet]
292 2900 384 2969 affert
399 2899 450 2970 Lg.
464 2902 488 2954 4.
504 2900 529 2954 6.
548 2901 588 2954 34.
607 2901 649 2956 33.
679 2902 777 2970 defert
791 2902 816 2956 5.
837 2902 931 2956 1416.
954 2902 993 2955 17.
1012 2903 1054 2956 33.
1073 2903 1106 2957 35
1123 2921 1194 2960 corr.

151 2992 180 3036 ut
204 2982 244 3038 15.
269 2984 313 3037 65.
338 2983 379 3037 76.
405 2983 447 3038 73.
484 2983 598 3054 deferet
622 2985 654 3037 15
678 3004 748 3040 corr.
779 2995 808 3039 ut
831 2986 855 3043 5.
882 2987 924 3039 36.
949 2985 992 3043 31.
1019 2986 1060 3041 69.
1085 2989 1126 3042 76.
1150 2987 1193 3042 81.

150 3065 201 3119 Gn.
217 3066 289 3119 1.-
307 3065 360 3119 sed
373 3067 582 3136 fistulatorem]
602 3069 656 3121 sed
672 3070 701 3122 el
715 3070 774 3138 fist.
792 3069 843 3141 Ing.
858 3070 883 3125 3.
897 3072 921 3124 4.
940 3071 980 3123 13.
994 3071 1033 3123 ,33
1047 3088 1118 3125 corr.
1139 3077 1194 3135 set,

150 3149 223 3202 unde
238 3151 285 3202 illn
302 3151 437 3220 sculptura
453 3150 545 3217 fluxit,
563 3152 605 3206 36.
634 3153 687 3205 sed
705 3153 758 3208 Gn.
777 3154 801 3208 3.
821 3185 857 3199 -ψ
883 3156 1012 3220 sensum]
1031 3161 1060 3206 et
1077 3172 1195 3208 sensum

149 3229 198 3302 Lg.
212 3233 237 3285 4.
253 3232 294 3284 15.
306 3233 348 3286 34.
362 3235 404 3288 86.
434 3235 485 3287 ΑΙίἰ
504 3252 615 3298 sensus,
635 3235 730 3306 ut=Lg.
747 3238 771 3290 Χ
790 3238 910 3306 peiores,
927 3238 998 3289 vict.
1018 3237 1070 3290 Gn.
1085 3238 1145 3295 13.
1159 3267 1195 3282 -

150 3313 248 3383 buius]
268 3316 349 3374 illius
366 3317 416 3388 Lg.
435 3318 513 3371 XVll
532 3318 658 3389 peiores,
677 3320 728 3375 Gu.
749 3320 771 3378 l.
793 3321 863 3378 Vict.
886 3321 924 3373 ita
943 3328 1015 3378 corn
1032 3320 1075 3374 33.

236 3410 298 3473 338.ι
333 3416 478 3486 confesse]
497 3418 628 3488 conferri
644 3419 694 3491 Lg.
710 3421 750 3476 15.
766 3420 809 3472 34.
822 3420 864 3476 86.
884 3420 921 3473 ita
934 3437 1003 3473 sorr.
1018 3420 1059 3474 33.
1084 3421 1195 3490 affbrre

150 3499 201 3555 Gu.
222 3501 247 3560 3.
264 3529 301 3540 —-
324 3518 390 3554 ettm
408 3501 518 3576 afferre
533 3503 633 3575 plura,
653 3505 697 3570 si]
717 3520 793 3567 cutm,
812 3503 922 3572 allbrre
938 3508 967 3558 si
984 3509 1089 3575 sttpt'as
1104 3507 1195 3578 plura

150 3583 201 3637 Gn.
217 3583 242 3638 3.
263 3614 294 3624 -
314 3588 486 3656 sumpsisse]
505 3586 555 3656 lug.
568 3589 592 3640 4.
610 3588 651 3643 13.
668 3586 710 3640 34.
730 3588 847 3642 330011.
865 3588 907 3642 36.
928 3589 979 3645 Gn.
995 3591 1020 3647 3.
1042 3591 1193 3661 eodemque

148 3668 219 3721 redit
245 3673 447 3739 suppressisse
469 3669 497 3726 in
521 3669 571 3745 Lg.
591 3670 615 3724 3.
652 3670 713 3723 llos
735 3672 848 3742 vulgato
873 3672 1032 3737 didicisse,
1059 3676 1132 3742 qnod
1156 3677 1194 3729 illl

148 3752 354 3822 interpretando
369 3753 490 3806 additum
504 3753 631 3821 arbitros,
648 3771 702 3809 nnn
716 3765 874 3809 sutnstnuter
889 3758 1013 3826 praetuli.
1028 3789 1058 3798 -
1077 3758 1192 3827 uellem]

154 3833 193 3891 Ut
210 3835 344 3888 Lambiuo
364 3837 391 3890 in
411 3854 463 3908 mg.
483 3854 542 3907 rep.
562 3846 589 3895 et
605 3847 760 3907 suspectum
780 3841 905 3895 delerunt
922 3841 987 3894 sen.
1007 3841 1121 3906 litanti,
1146 3859 1192 3894 uu-

148 3919 215 3971 einis
233 3919 329 3972 clausit
346 3917 413 3985 0n3
432 3937 500 3990 qnos
518 3939 621 3992 sequen
639 3932 753 3991 propter
770 3921 854 3977 iidem
872 3924 921 3995 lag.
943 3925 982 3979 13.
1002 3923 1044 3977 36.
1270 3912 1274 3917 ’

141 4014 150 4029 ”
232 4019 293 4075 339.
329 4040 393 4074 esse
411 4026 474 4075 iam
492 4023 591 4076 iudico
611 4029 642 4074 et
659 4029 722 4077 tum
739 4024 886 4093 iudicant]
910 4024 973 4078 seh.
994 4033 1021 4075 et
1043 4006 1137 4074 Mtuell.
1158 4024 1193 4076 de

150 4103 313 4177 Heusingeri
329 4107 466 4163 sententia
483 4106 617 4165 dederunt
639 4125 703 4162 esse
721 4108 821 4163 iudice
841 4114 870 4161 et
890 4111 953 4162 tum
971 4112 1033 4159 tum
1051 4104 1190 4162 iudicant.
