2968 4596
406 320 466 386 DE
494 318 721 390 ORATORE
750 319 918 388 LIBERI.
942 321 992 387 15.
1161 321 1225 393 4⁸

177 499 245 565 e‘rit
275 492 344 560 moa
373 490 529 558 sententia
556 492 616 559 hoc
643 503 706 558 tam
732 494 822 577 gravi
850 491 962 576 dignus
989 490 1129 565 nomino,
1163 491 1225 576 qui,

170 612 383 700 'quaecunque
409 631 462 676 res
489 611 647 686 inciderit,
679 628 759 695 quac
792 611 832 674 sit
864 609 999 675 dictione
1027 606 1225 694 explicanda,

178 732 347 818 prudenter
360 739 397 795 'et
419 731 590 814 composite
612 738 643 793 et
664 737 773 793 ornate
795 737 826 792 ct
847 728 1023 792 memoriter
1047 725 1129 792 dicet
1154 743 1225 790 cum

179 849 317 935 quadum
343 849 477 913 actionis
503 849 598 911 etiam
618 844 779 931 dignitate.
821 843 873 908 ct.
897 841 956 908 Sin
976 845 1111 930 cuipiam
1130 842 1224 907 nimis

180 966 331 1031 infinitum
349 966 487 1041 videtur,
510 964 593 1049 quod
614 965 659 1027 ita
678 963 782 1050 posui,
812 981 997 1044 quocunque
1017 963 1054 1025 dc
1074 980 1124 1034 rc,
1150 959 1225 1027 licet

148 1105 150 1108 ’
178 1083 254 1148 hinc
274 1093 421 1169 quantum
439 1082 550 1167 cuique
568 1079 724 1146 videbitur
741 1078 943 1146 circumcidat
960 1087 1052 1164 etque
1070 1085 1221 1164 amputet:

175 1207 285 1266 'tamen
306 1199 385 1265 illud
406 1198 533 1275 tenebo,
557 1199 585 1262 si
607 1217 686 1284 quac
709 1199 823 1262 ceteris
844 1198 878 1260 in
900 1194 1019 1260 artibus
1042 1204 1094 1260 aut
1113 1194 1223 1260 studiis

179 1321 246 1383 sita
272 1327 340 1382 sunt
366 1327 474 1383 orator
499 1318 622 1400 ignoret
646 1325 824 1401 tantumque
851 1333 892 1378 ea
915 1322 1033 1390 teneat,
1060 1331 1140 1398 quae
1163 1312 1224 1377 sint

180 1438 214 1500 in
235 1433 511 1522 disceptationibus
533 1441 624 1518 atquc
642 1452 702 1498 usu
720 1432 858 1497 forensi:
879 1441 984 1497 tamen
1002 1430 1052 1496 his
1074 1427 1222 1495 derebus

178 1662 261 1738 uult]
287 1671 346 1725 uolt
369 1671 439 1726 Vict.
463 1670 537 1740 quod
562 1669 722 1740 probarem,
746 1670 768 1721 si
791 1669 919 1722 meliores
940 1675 1023 1721 testes
1047 1665 1169 1719 haberet.
1185 1694 1223 1707 -

183 1753 384 1826 paucorumque]
406 1757 456 1822 sic,
479 1773 534 1809 nou
560 1772 610 1825 per
633 1771 682 1818 m,
706 1752 772 1806 XlV
796 1752 847 1823 Lg.
873 1769 986 1821 quornm
1006 1760 1068 1804 sunt
1090 1753 1115 1805 1.
1135 1751 1220 1805 4.13.

181 1841 226 1895 15.
243 1841 286 1895 36.
305 1841 345 1895 67.
365 1840 405 1895 69.
425 1841 463 1895 79.
483 1840 524 1895 76.
542 1867 578 1881 -
609 1841 670 1908 rec]
693 1856 746 1894 orn.
768 1837 818 1910 Lg.
837 1838 862 1892 1.
881 1838 905 1891 t.
923 1837 965 1891 13.
985 1837 1019 1890 31
1037 1835 1099 1890 add.
1118 1835 1161 1890 36.
1177 1836 1220 1891 69.

180 1927 211 1981 Ζ.
227 1934 305 1995 ,1.-
329 1924 506 1991 inciderint]
528 1924 579 1979 Gu.
593 1925 618 1979 3.
634 1943 655 1979 ε.
674 1954 708 1964 -
732 1924 789 1990 stt]
807 1926 869 1975 sint
887 1920 938 1975 Gn.
953 1921 977 1975 3.
991 1939 1012 1975 ε.
1034 1937 1089 1974 non
1103 1920 1221 1976 deterius

179 2011 256 2066 haec.
273 2010 308 2052 '—
333 2010 507 2082 composite]
531 2026 612 2081 coep.
632 2008 682 2080 Lg.
701 2010 726 2063 1.
744 2008 786 2063 67.
806 2035 842 2049 »-
873 2006 967 2073 dicet]
987 2005 1026 2058 stc
1042 2005 1067 2058 V
1069 2013 1102 2062 et.
1122 2006 1218 2077 stepo.

179 2095 232 2149 Gn.
250 2097 274 2151 3.
299 2095 402 2151 16111.
428 2093 487 2148 Eri.
512 2094 574 2148 edd.
593 2095 731 2163 antiquiss.
751 2094 867 2147 fortusse
888 2108 946 2144 exc.
966 2089 1066 2157 ssaha,
1084 2091 1148 2146 Scir.
1168 2089 1218 2147 Or.

178 2179 262 2234 Henr.
280 2178 404 2234 firmatur
421 2196 494 2232 nunc
509 2178 560 2249 Lg.
575 2179 699 2232 omnibus
716 2195 756 2248 pr.
770 2177 812 2232 81.
827 2176 870 2231 85.
894 2174 983 2246 Vulgo
1001 2177 1041 2245 (it.
1054 2175 1143 2231 llavn.
1159 2177 1218 2232 1.1.

179 2262 207 2317 'et
225 2274 287 2334 post
302 2265 362 2318 Aid.
373 2263 451 2331 edd.)
471 2264 560 2318 dicut.
574 2293 611 2304 -
634 2267 763 2317 actionis
775 2263 878 2331 ettam]
897 2262 936 2315 sic
954 2278 1004 2331 pro
1020 2264 1112 2314 etium
1126 2265 1219 2315 netto-

178 2352 227 2402 m's
245 2349 326 2418 posui
347 2365 383 2400 ex
401 2348 454 2401 Gn.
472 2349 497 2401 1.
516 2350 541 2402 3.
562 2357 590 2401 et
608 2347 659 2419 Lg.
673 2348 801 2401 omnibus
821 2364 860 2417 pr.
879 2346 921 2400 15.
940 2347 983 2399 13.
1000 2344 1043 2399 69.
1061 2345 1103 2400 st.
1120 2345 1164 2401 85.

266 2431 311 2485 65.
347 2433 489 2501 cuipiam]
516 2432 634 2485 cuidam
656 2431 706 2503 Lg.
727 2434 752 2486 3.
771 2433 814 2486 67.
851 2435 969 2502 cuipam
989 2430 1032 2483 13.
1068 2432 1220 2501 quoipiam

182 2511 270 2579 vict,
294 2513 370 2581 'quod
391 2514 556 2584 reciperem,
580 2517 602 2568 si
625 2517 668 2584 qtri
687 2518 775 2570 bonus
792 2516 863 2569 iiber
880 2513 1083 2568 accederet-
1112 2515 1219 2584 posui]

178 2600 221 2653 sic
238 2597 288 2669 Lg.
308 2599 333 2652 1.
352 2599 377 2651 t.
395 2600 437 2653 13.
455 2600 497 2654 31.
511 2601 553 2654 36.
566 2600 606 2655 69.
621 2600 661 2655 85.
680 2609 736 2655 vet.
754 2599 850 2669 Steph.
872 2599 901 2652 Z.
919 2597 1010 2664 itaque
1029 2594 1124 2648 Lamb.
1141 2595 1219 2651 Grnt.

176 2682 245 2738 Ero.
255 2681 465 2738 Mucii-Heus.
485 2684 554 2739 Rett.
576 2694 603 2739 et
614 2685 703 2740 Hovn.
718 2686 743 2739 1.
757 2686 781 2739 1.
800 2704 825 2739 α.
841 2689 866 2749 β.
882 2702 909 2751 y.
924 2682 949 2736 d.
966 2698 986 2734 ε.
1007 2678 1067 2733 edd.
1080 2679 1218 2747 antiquiss.

178 2778 206 2822 et
224 2766 273 2822 Or.
305 2773 465 2840 proposui,
491 2779 520 2824 ut
541 2780 569 2824 et
587 2771 614 2824 in
633 2771 732 2824 ceteris
752 2770 802 2840 Lg.
821 2766 929 2821 iteruin
948 2766 990 2821 31.
1008 2765 1051 2820 36.
1070 2764 1105 2820 69
1126 2782 1222 2819 acor·

177 2848 287 2907 rectore
305 2849 410 2924 iegitur.
436 2853 565 2920 „Nullum
583 2857 656 2908 enim
673 2855 833 2908 sententiam
850 2852 951 2918 attulit,
967 2851 1017 2904 sed
1034 2849 1121 2904 verbe
1138 2867 1219 2920 quae·

176 2930 254 3004 dum,
280 2954 350 3006 quae
376 2955 447 2992 nnnc
471 2958 532 2993 cnm
556 2940 729 2993 correctione
754 2939 843 3007 aliqua
865 2937 987 3008 repetit“
1026 2934 1216 2991 Henrrctsm.

176 3022 339 3091 Quanquam
357 3025 439 3077 etiam
456 3024 510 3078 ulio
528 3023 682 3096 significem
703 3023 849 3092 aliquando
862 3039 974 3095 ponere
991 3021 1102 3087 dicitur;
1123 3037 1150 3076 v.
1170 3039 1218 3076 ex·

176 3106 280 3176 plicatt.
299 3106 334 3158 ad
350 3105 371 3161 1.
390 3109 438 3174 34,
454 3107 513 3163 154.
532 3137 568 3150 —-
595 3109 776 3179 quaecunque]
795 3106 844 3179 lug.
858 3107 917 3162 XV.
936 3125 963 3161 v.
981 3123 1055 3177 supr.
1074 3136 1109 3147 ·-
1136 3105 1217 3175 ltine]

175 3189 246 3244 duic
269 3190 319 3261 Lg.
340 3192 587 3248 saducaeum.
612 3194 654 3249 73.
673 3193 715 3247 81.
741 3194 811 3247 Vict.
837 3194 873 3246 ita
892 3208 961 3246 corr.
980 3191 1022 3246 76.
1038 3238 1040 3245 .
1057 3192 1169 3262 Qtrippe
1189 3193 1225 3253 in,

174 3269 256 3330 codd.
275 3275 358 3346 paulo
376 3278 512 3345 antiquius
527 3278 635 3348 scriptis
652 3281 683 3332 tu
699 3288 727 3332 et
743 3282 777 3332 ut
790 3277 912 3348 dignosci
924 3293 1009 3346 saepe
1021 3282 1166 3344 nequeunt.
1181 3301 1217 3316 -

174 3362 248 3428 etot]
269 3367 338 3414 sunt
356 3361 407 3415 Gu.
424 3363 450 3416 1.
467 3388 504 3403 —
532 3368 620 3431 utque
637 3364 704 3430 usu]
725 3362 764 3415 sic
783 3361 832 3433 Lg.
851 3363 876 3416 1.
897 3363 921 3416 d.
941 3361 958 3414 5
976 3377 1045 3415 corr.
1066 3361 1153 3415 613.
1172 3361 1214 3417 16.

172 3446 217 3500 13.
237 3446 281 3499 tt.
299 3446 334 3500 31
350 3462 378 3499 v.
400 3452 460 3500 aut.
482 3447 524 3501 35.
537 3447 585 3502 36.
604 3447 646 3502 69.
667 3447 708 3502 79.
727 3448 768 3502 73.
786 3447 828 3501 84.
839 3444 889 3501 86.
908 3445 969 3500 edd.
989 3454 1052 3516 post
1067 3444 1132 3502 Ern.
1166 3446 1216 3501 Ce-

174 3531 228 3582 teri
250 3537 312 3584 aut.
339 3546 391 3584 om.
411 3528 462 3583 Gu.
482 3530 507 3584 3.
542 3530 780 3602 Praepositiouem
800 3535 831 3584 tn
849 3548 901 3584 orn.
922 3530 972 3601 Lg.
994 3548 1090 3584 omnes
1108 3540 1217 3601 praeter

174 3613 217 3666 17.
235 3614 278 3667 81.
296 3613 355 3680 85..
378 3614 442 3666 item
467 3613 518 3668 Gn.
537 3616 562 3669 3.
597 3616 660 3670 Nec
681 3627 722 3671 est
740 3633 823 3670 consa
840 3615 998 3682 addendae,
1024 3632 1084 3669 cum
1101 3616 1216 3669 aiterum

175 3692 211 3749 e'x
229 3699 413 3766 aitero'quesi
429 3697 490 3752 fluit
507 3708 536 3753 et
552 3700 675 3772 gignitur.
699 3701 766 3756 Non
783 3701 868 3772 magis
885 3718 993 3771 egemus
1011 3699 1217 3769 praepositione

174 3780 208 3835 11.
233 3782 283 3848 15,
305 3781 371 3836 105:
401 3783 613 3854 benignitatem
636 3785 673 3839 ab
692 3785 807 3839 ambitu
828 3793 857 3838 et
876 3785 1034 3856 largitione
1055 3787 1216 3856 seiungere,

174 3864 221 3918 ubi
242 3866 279 3920 ub
299 3866 403 3921 addunt
420 3869 499 3922 codd.
518 3869 636 3940 peiores.
664 3869 715 3924 Est
731 3887 817 3940 genus
835 3870 949 3923 ambitus
967 3869 1084 3939 largitio.
1117 3870 1153 3925 ib.
1171 3871 1216 3935 17,

174 3950 257 4004 1161
277 3968 354 4021 petae
380 3958 445 4006 totu
472 3957 504 4006 tn
527 3953 727 4024 disputatione
756 3961 785 4006 et
808 3959 1064 4024 argumentatione
1087 3958 1218 4007 oratoris,

175 4035 323 4089 collocata
351 4044 404 4091 err.
457 4038 588 4106 Disputat
619 4047 712 4092 orator·
742 4039 947 4106 argumentandi
978 4034 1094 4088 artificio
1126 4046 1227 4103 utens.¹

176 4118 262 4175 codd.
292 4119 336 4174 hic
360 4122 432 4181 ,boni
462 4121 533 4176 adeo
563 4121 744 4186 tu'nddun17
774 4136 830 4172 non
859 4128 948 4171 tamen
975 4120 1002 4168 4.
1030 4116 1073 4166 31.
1101 4114 1142 4164 69.
1170 4113 1213 4160 81.
1300 4188 1304 4194 ‚
