2968 4596
407 288 469 355 llll
494 286 722 357 ORATORE
750 288 876 357 LIBER
897 291 919 358 l.
943 289 994 358 14.
1156 293 1220 365 ss

125 464 127 469 “
176 479 224 527 an
244 446 347 526 minus
366 457 427 527 hoc
446 458 539 526 vohis
561 460 622 524 sim
641 458 846 547 probaturus:
873 458 1018 546 equidem
1043 477 1108 526 non
1135 457 1224 525 dubi·

176 576 258 643 taho
284 576 365 663 quod
388 578 491 643 sentio
512 577 628 643 dicere.
670 573 808 660 Physica
828 578 890 642 ista
910 579 981 664 ipsa
1001 587 1032 645 et
1052 575 1226 643 mathema-

178 697 247 761 tica
266 704 296 760 et
315 714 395 781 quae
415 693 510 781 paulu
529 704 600 761 aute
621 703 794 760 ceterarum
815 696 926 759 artium
942 696 1069 782 propria
1081 696 1224 781 posuisti,

123 807 129 811 ’
176 814 334 881 scientiae
348 821 419 877 sunt
434 831 555 888 cerunt,
578 813 631 897 qui
652 810 711 876 illa
723 809 919 898 profitentem
941 811 1100 877 illustrare
1120 822 1222 878 autem

181 931 325 996 nimione
346 930 376 994 si
395 931 467 1016 quis
486 931 566 994 istas
585 929 673 1014 ipsas
691 930 769 994 artis
781 927 872 1005 uelit,
895 927 938 994 ad
954 930 1088 995 ιιιιιιοιίι
1104 929 1134 995 ei
1150 948 1225 995 corr·

151 1108 152 1111 ,
179 1047 363 1132 fugiendum
383 1056 433 1112 est
453 1045 641 1112 facultatem
689 1045 739 1110 62.
764 1042 872 1131 Neque
894 1047 991 1122 enim,
1014 1047 1043 1110 si
1063 1044 1225 1113 Philonem

180 1164 273 1231 lllunr
286 1163 503 1242 architectum,
526 1165 581 1250 qui
593 1161 839 1228 Atheniensibus
855 1164 1128 1229 armamentarium
1141 1163 1225 1241 lecit,

179 1291 307 1350 constat
329 1281 502 1369 perdiserte
528 1280 644 1367 populo
668 1281 821 1346 rationem
843 1282 947 1367 operis
969 1282 1019 1345 soi
1040 1279 1227 1359 reddidisse,

179 1398 422 1466 existimandum
442 1408 492 1463 est
511 1395 672 1464 architecti
691 1401 794 1484 potius
813 1396 944 1463 artificio
965 1397 1114 1464 disertum
1133 1416 1227 1484 quam

181 1519 319 1583 oratoris
341 1515 450 1581 luisse.
481 1512 564 1592 Nec,
585 1515 614 1579 si
634 1514 708 1580 huic
729 1512 775 1577 Μ.
796 1513 933 1581 Antonio
955 1534 1011 1600 pru
1031 1512 1226 1582 Hermodoro

180 1633 300 1700 fuisset
324 1631 363 1697 de
384 1632 542 1698 navalium
565 1650 660 1718 opere
683 1630 861 1707 dicendum,
889 1650 965 1708 uun,
993 1651 1085 1717 quom
1107 1631 1147 1698 ab
1170 1631 1226 1699 illo

187 1768 320 1815 causam
333 1748 503 1827 didicisset,
524 1751 593 1836 ipse
616 1757 725 1813 ornate
747 1747 785 1811 de
806 1746 911 1812 alieno
934 1746 1064 1813 artificio
1085 1749 1229 1834 copiose-

184 1886 248 1954 que
262 1867 401 1932 dixisset.
429 1864 537 1952 Neque
558 1885 635 1932 uero
649 1863 875 1951 Asclepiades,
898 1865 926 1929 is
947 1883 1008 1949 quo
1028 1884 1085 1931 uus
1105 1864 1226 1933 medico

147 1977 156 1983 ’
184 1986 348 2071 amicoque
377 1985 428 2049 usi
454 2003 576 2058 sumus,
608 2002 701 2068 quum
727 1981 907 2067 eloquentia
932 1981 1078 2047 vincebat
1103 1993 1226 2050 ceteros

184 2080 337 2180 medicos,
361 2103 396 2168 in
416 2121 456 2167 eo
479 2103 562 2186 ipso,
585 2099 668 2186 quod
691 2108 800 2166 ornate
821 2097 959 2178 dicebat,
981 2099 1156 2168 medicinae
1177 2101 1227 2167 ta-

183 2354 229 2410 67.
241 2354 284 2408 69.
295 2353 338 2406 70.
351 2353 394 2406 73.
405 2352 464 2418 76,
487 2352 595 2420 quidem
610 2349 658 2424 ὑφ’
679 2351 710 2406 ἓν
729 2369 791 2406 cum
808 2360 892 2417 ante,
916 2353 1000 2424 paulo
1017 2360 1088 2426 post
1103 2355 1139 2407 17
1156 2371 1226 2412 corr.

184 2437 278 2512 pratulo
298 2452 351 2488 cnr.
363 2434 462 2488 1415.
474 2435 517 2487 to.
551 2435 595 2487 De
612 2437 746 2506 scriptura
763 2453 790 2493 v.
810 2437 972 2490 Schneiderl
993 2437 1040 2491 Gr.
1056 2436 1119 2492 Lot.
1136 2439 1194 2492 vol.
1205 2439 1227 2493 l.

187 2539 218 2594 p.
231 2521 257 2573 7.
276 2537 303 2589 p.
316 2519 376 2572 413.
393 2545 429 2559 —-
453 2517 614 2585 illustrare]
637 2520 751 2575 inlustr.
770 2519 820 2592 hg.
840 2520 882 2575 65.
898 2520 939 2573 70.
954 2520 995 2573 73.
1008 2520 1051 2574 84.
1078 2521 1230 2573 illustrare

186 2605 242 2660 Gu.
261 2605 286 2658 3.
305 2602 372 2657 Eru.
409 2601 530 2655 Inlustri
546 2601 615 2656 Vici.
632 2630 667 2645 —-
694 2605 782 2673 artis]
806 2604 869 2657 dedi
888 2621 923 2657 ex
941 2601 991 2672 [ις.
1011 2603 1053 2657 13.
1073 2602 1115 2658 36.
1133 2602 1176 2658 86.
1193 2632 1230 2645 ·-

185 2690 232 2744 ad
248 2689 390 2755 cratoris]
409 2685 513 2740 addunt
530 2693 673 2756 tanquam
690 2688 733 2740 ad
750 2687 907 2741 architecti
922 2686 1050 2740 alicuius
1068 2686 1119 2742 Gu.
1131 2690 1155 2742 1.
1175 2696 1193 2743 t.
1203 2706 1228 2747 a.

185 2773 261 2828 arch.
282 2773 374 2844 potius
393 2792 420 2828 α.
439 2791 467 2842 γ.
486 2772 512 2827 d.
538 2773 641 2843 primus
666 2772 793 2827 alicuius
816 2773 844 2825 iu
863 2790 916 2844 mg.
940 2771 1047 2826 altenis
1069 2790 1097 2843 p.
1117 2773 1231 2830 alicuius

184 2858 238 2913 Gru.
256 2859 282 2912 7.

274 2983 317 3037 67.
353 2986 471 3034 constet
478 2980 659 3054 perdiserte]
678 2982 733 3050 inv.
744 2980 794 3053 hg.
803 2981 837 3034 17
848 2999 919 3037 corr.
938 2988 1051 3036 constet
1067 2984 1119 3040 Gu.
1127 2988 1151 3041 1.
1160 2989 1231 3044 7.·-

186 3084 280 3141 quum
297 3066 441 3132 oratoris]
465 3083 519 3120 orn.
544 3066 575 3120 Z.
600 3065 652 3136 Lg.
670 3067 695 3120 7.
716 3067 733 3118 4
754 3066 816 3122 add.
844 3068 886 3121 13.
906 3069 941 3122 37
961 3068 1023 3123 add.
1050 3069 1092 3123 36.
1112 3071 1147 3125 66
1166 3073 1229 3127 add

187 3154 242 3207 Gu.
260 3152 301 3218 3.,
327 3149 417 3214 bene,
443 3149 496 3204 nisi
520 3149 631 3203 adesset
650 3155 762 3222 potius,
785 3180 820 3191 -
854 3153 924 3218 nec]
950 3168 1041 3222 neque
1063 3152 1113 3225 hg.
1132 3157 1157 3210 6.
1193 3173 1231 3209 as

186 3237 241 3292 Gu.
258 3236 283 3291 3.
307 3261 343 3277 —-
375 3231 461 3300 huic]
492 3232 547 3287 hoc
573 3234 625 3288 Gu.
644 3236 668 3291 1.
688 3236 713 3289 7.
737 3261 774 3276 ·-
805 3234 932 3305 feteret]
960 3236 1056 3304 fuisse
1080 3237 1132 3292 Gu.
1151 3240 1175 3295 3,
1194 3267 1246 3314 -ο

187 3321 289 3392 quom]
312 3318 408 3387 reapse
426 3317 523 3371 auctus
543 3316 593 3389 ng.
614 3319 639 3373 ι.
657 3320 683 3373 r.
702 3317 727 3373 5.
744 3319 769 3376 o.
789 3319 886 3375 13.15.
900 3320 942 3374 17.
957 3321 999 3374 ιι.
1013 3308 1054 3375 so.
1069 3323 1110 3376 sc.
1132 3323 1230 3391 cue,

186 3407 216 3460 in
235 3403 332 3473 quihus
350 3409 392 3455 est
409 3417 563 3471 nonquam
579 3419 631 3472 pro
650 3418 710 3455 corr
727 3420 815 3472 quom
832 3423 853 3459 s.
868 3421 951 3467 cam,-
971 3421 1040 3457 corr.
1060 3422 1087 3459 ut
1105 3413 1123 3460 t.
1142 3424 1160 3459 a
1174 3426 1229 3463 sec.

186 3507 223 3543 m.
242 3489 270 3541 in
286 3487 311 3541 5.
326 3487 367 3540 74.
383 3501 411 3540 v.
426 3502 451 3539 u.
465 3493 483 3542 t.
502 3485 545 3541 37.
575 3503 666 3555 qaam
682 3487 726 3556 (p.
738 3487 819 3554 cum)
836 3490 878 3543 71.
908 3503 974 3540 cum
992 3505 1056 3542 cv.
1080 3505 1231 3561 nunquam

187 3575 216 3627 in
228 3571 271 3627 76.
287 3598 323 3612 —-
349 3570 484 3637 causam]
503 3585 623 3623 carmen
640 3569 691 3641 lig.
701 3571 726 3626 6.
744 3599 780 3612 —-
807 3570 947 3639 urttficto]
968 3572 1105 3643 aedificic
1123 3594 1145 3630 s.
1158 3577 1231 3645 cdtf,

188 3656 240 3726 Lg.
264 3655 289 3711 5.
309 3655 335 3709 6.
354 3655 397 3708 13.
416 3653 519 3708 1617.
538 3654 580 3708 tt.
599 3653 642 3708 65.
661 3654 701 3709 73.
721 3655 762 3711 st.
782 3656 825 3711 86.
851 3657 890 3709 ita
909 3673 979 3711 corr.
998 3657 1041 3710 73.
1059 3687 1095 3697 -
1131 3658 1232 3713 Ascle·

185 3740 306 3813 pinder]
326 3737 498 3810 Asclepiades
516 3736 566 3808 Lg.
585 3738 610 3791 7.
629 3739 672 3792 13.
690 3738 731 3794 76.
751 3739 794 3795 35.
807 3741 843 3795 36
859 3756 930 3795 corr.
949 3741 1001 3794 Gn.
1015 3742 1039 3797 3.
1057 3770 1094 3784 -
1120 3745 1158 3811 ts]
1177 3762 1230 3800 cnr.

188 3825 232 3880 73.
251 3824 294 3878 67.
330 3823 413 3877 Falso
438 3831 528 3875 autem
547 3823 675 3876 inciditur
694 3832 757 3894 post
780 3827 823 3888 ts,
849 3840 909 3877 curn
932 3828 959 3878 ts
978 3827 1030 3894 put
1054 3843 1109 3880 non
1130 3827 1184 3882 ulla
1203 3831 1233 3884 vi

189 3908 343 3978 praeditum
357 3907 409 3983 ¹sit,
430 3923 511 3975 quarn
529 3911 582 3977 qut
597 3907 700 3973 solutu,
719 3908 769 3961 sed
789 3909 871 3978 paulo
891 3906 1096 3980 significantius.
1128 3911 1176 3963 Sic
1193 3913 1232 3966 di·

190 3993 261 4045 citur
279 4011 305 4063 p.
325 3989 431 4048 Cluent.
451 3992 475 4046 1.
500 3992 572 4046 Rull.
590 3991 611 4047 1.
630 3992 655 4046 1.
674 3991 711 4046 N.
730 3992 766 4046 D.
786 3991 807 4047 1.
827 3994 869 4055 13,
887 3993 928 4046 35.
954 3991 987 4045 ll.
1006 3993 1141 4056 41,104.,
1162 4011 1233 4060 quos

190 4077 344 4145 sententia,
367 4086 397 4133 ut
412 4075 484 4132 hacc
500 4084 611 4142 uestra,
634 4076 706 4130 rusie
723 4076 911 4145 distinguitur,
936 4074 1022 4138 Legg.
1041 4071 1062 4124 Ι.
1081 4073 1125 4132 16,
1145 4075 1186 4122 tr«.
1206 4082 1246 4126 at.
