2942 4608
292 1024 296 1031 ’
327 1041 400 1167 nr.
426 1045 657 1131 runnu
682 1020 1076 1171 mommoleno
1200 1044 1202 1049 ·

532 1251 602 1308 nl
629 1188 875 1310 611741·θηῦ

444 1417 631 1483 LIBER
674 1419 962 1485 TERTIUS.

601 1648 806 1661 -ι-υ--σ-ι

515 1890 518 1898 y
622 1826 723 1883 oAP.
759 1827 785 1882 1.

264 1950 294 2015 l·
320 1914 507 2023 Instituenti
532 1952 623 2031 mihi,
657 1952 770 2033 Quinte
802 1956 923 2039 irater.
945 1976 1015 2023 eum
1047 1958 1223 2023 termonem
1299 2037 1302 2051 Ι

176 2084 296 2152 referre
321 2092 354 2150 et
377 2082 529 2148 mundare
555 2080 640 2148 huis·
654 2087 746 2150 tortio
773 2081 870 2161 libro,
897 2103 990 2169 quom
1013 2093 1085 2171 post
1104 2083 1224 2150 Antoni

176 2203 418 2290 disputationem
439 2199 576 2266 Crassus
597 2199 776 2277 habuisset,
804 2199 922 2267 acerba
944 2221 1022 2268 sane
1042 2196 1222 2268 recordatio

175 2329 314 2386 veterem
335 2318 433 2382 animi
454 2336 561 2411 curam
578 2315 816 2401 molestiamque
838 2319 1010 2383 renovavit
1042 2314 1123 2381 Nam
1143 2314 1223 2381 illud

176 2433 409 2501 immortalitate
431 2432 558 2517 dignum
585 2433 744 2516 ingenium
769 2431 828 2497 illa
847 2431 1024 2498 humanitas
1045 2432 1105 2497 illa
1124 2430 1223 2497 virtus
1291 2494 1296 2504 ‚

176 2549 214 2618 L.
238 2549 350 2616 Crassi
380 2546 479 2614 morte
510 2550 664 2615 exstincta
694 2547 800 2615 subita
824 2558 872 2615 est
897 2550 950 2615 vix
976 2549 1087 2615 diebus
1114 2548 1223 2615 decem

86 2682 90 2687 ’
175 2678 248 2758 post
273 2687 344 2733 eum
370 2666 466 2744 diem,
497 2667 552 2753 qui
579 2666 640 2733 hoe
671 2675 702 2732 et
734 2669 895 2753 superiore
924 2666 1007 2733 libro
1040 2667 1223 2733 continetur.

176 2788 207 2852 2.
235 2784 274 2851 Ut
300 2780 393 2850 enim‘
407 2783 541 2850 Romam
567 2782 661 2850 rediit
693 2795 830 2850 extremo
856 2784 999 2851 ludorum
1026 2783 1246 2850 scenicorum·

178 2904 229 2970 die
259 2902 460 2969 vehementer
489 2911 659 2968 commotus
693 2891 839 2973 oratione
849 2921 918 2979 eo,
949 2921 1031 2987 quae
1063 2882 1224 2967 ferebatur

149 3018 286 3087 nubite
311 3038 384 3085 esse
415 3019 450 3083 in
476 3020 621 3085 sontione
649 3039 669 3085 a
694 3018 851 3106 Philippo,
883 3039 974 3104 quem
993 3019 1120 3085 -dixisse
1146 3036 1221 3083 oon-

177 3136 301 3206 stabat:
328 3138 495 3204 videndum
521 3138 582 3236 siti
607 3156 671 3203 esse
698 3138 787 3204 atiud
813 3139 1000 3204 consitium:
1028 3138 1083 3202 itio
1109 3144 1221 3202 semoto

263 3372 283 3428 1.
319 3372 343 3429 1.
378 3369 503 3441 Antores]
520 3372 559 3425 sic
576 3369 627 3442 bg.
641 3370 682 3426 17.
700 3371 744 3426 33.
761 3370 804 3425 67.
822 3370 864 3426 76.
882 3369 924 3425 76.
942 3369 985 3424 81.
1006 3399 1037 3409 -
1055 3365 1221 3439 renouauitl

176 3455 447 3528 revocubttLg.17.
468 3473 524 3510 non
541 3455 661 3510 deterius
678 3452 801 3527 vui'goto.
818 3485 854 3495 —
877 3452 990 3523 subita]
1009 3453 1106 3508 subito
1123 3452 1174 3525 ng.
1192 3450 1218 3508 3.
1242 3464 1245 3471 ’

176 3543 202 3599 6,
223 3541 263 3599 16.
281 3543 316 3596 14
327 3559 398 3595 corr.
416 3541 459 3596 81.
477 3540 521 3598 86.
539 3540 582 3597 33.
599 3541 638 3594 itu
655 3557 728 3594 corr.
745 3538 782 3593 32
799 3546 827 3593 et
844 3539 885 3594 73.
903 3566 940 3580 -
963 3555 1031 3593 eum
1046 3536 1142 3608 diem]
1160 3538 1220 3593 lovi

176 3625 289 3697 17384.
326 3626 405 3680 diem
430 3643 483 3682 om.
503 3626 543 3681 17.
838 3612 840 3623 “

262 3710 289 3765 i.
325 3710 462 3764 todorum
480 3708 676 3780 scamnorum]
695 3711 735 3763 sic
752 3708 852 3764 inverti
868 3718 976 3764 secutur
994 3706 1043 3780 Lg.
1062 3708 1088 3761 2.
1104 3707 1129 3762 3.
1148 3707 1173 3761 4.
1191 3706 1216 3762 6.

179 3795 220 3850 13.
237 3793 280 3848 36.
300 3791 353 3847 Gu.
365 3795 391 3848 3.
409 3793 505 3851 Lamo.
521 3824 557 3837 —-
574 3797 710 3850 oratione
727 3791 776 3863 ea]
793 3795 833 3847 sic
850 3794 950 3849 inverti
965 3792 1113 3848 secundum
1130 3790 1218 3863 131.

177 3881 202 3935 4.
229 3878 270 3935 13.
294 3877 330 3934 32
346 3895 418 3933 corr.
440 3880 484 3934 36.
514 3879 565 3937 Gn.
583 3883 608 3937 3.
632 3910 662 3920 -
693 3878 841 3950 contione]
863 3879 902 3934 sio
925 3874 1087 3950 113373.
1110 3875 1152 3931 35.
1174 3875 1217 3931 36.

172 3964 219 4021 65.
238 3962 281 4021 63.
301 3962 342 4019 70.
362 3962 404 4017 73.
424 3962 465 4020 76.
483 3962 526 4019 81.
542 3965 584 4020 84.
602 3958 736 4020 9317131.
756 3982 808 4021 om.
827 3964 862 4019 24
878 3964 940 4019 add.
959 3971 989 4016 ut
1006 3962 1031 4016 2.
1067 3964 1220 4015 comotione

87 4056 90 4063 '
175 4050 295 4106 310011.
315 4059 346 4103 nt
362 4048 389 4104 1.
403 4048 446 4105 67.
464 4080 494 4090 -
512 4048 685 4120 videndum]
699 4050 915 4122 pervidendum
929 4047 980 4119 hg.
994 4046 1037 4102 63.
1061 4042 1219 4098 videndum

177 4153 236 4191 vor.
253 4136 373 4210 prootd.
394 4134 437 4192 33.
457 4164 494 4180 ·-
521 4134 682 4193 viomadum
707 4133 766 4190 sibi
791 4152 854 4191 erse
879 4131 964 4188 attuit
987 4124 1153 4195 coroticum]
1178 4125 1219 4179 sio
