2876 4612
281 288 380 417 648
684 336 942 407 CICERONIS

285 519 358 584 mm
378 511 689 597 conservandamque
709 519 868 586 numam,
894 526 1047 595 nusquam
1067 518 1173 574 amen
1194 520 1245 576 est
1266 510 1341 576 ulls

284 654 360 724 pars
392 632 456 697 nisi
486 637 628 695 vennas
680 626 753 692 186.
783 624 977 713 Linquamus
1008 636 1153 692 naturam
1182 638 1339 714 artesque

284 753 457 820 rideamus.
489 743 573 824 Quid
588 734 653 812 tam
674 747 707 809 in
723 745 852 827 nauigio
872 746 1097 821 necessarium,
1120 762 1213 829 quam
1228 745 1340 811 latera

285 888 379 957 quam
400 882 555 933 cauernae
583 881 676 949 qnam
695 880 792 947 prora
814 881 907 947 qnam
927 864 1037 949 puppis
1057 852 1153 946 'quam
1174 872 1337 929 anteusus

153 962 165 981 ”
285 1006 378 1074 qnam
391 983 466 1049 vela
487 999 580 1067 quam
595 978 692 1045 malii
715 997 796 1063 quae
813 987 919 1044 amen
935 978 1018 1044 bano
1035 977 1152 1044 babent
1172 981 1208 1044 in
1224 968 1337 1067 speeie

283 1110 492 1176 venenatam,
521 1107 555 1162 ut
581 1116 646 1162 non
670 1095 773 1162 solum
798 1095 926 1172 salutis,
957 1095 1017 1161 sed
1042 1097 1138 1161 etiam
1161 1097 1335 1184 voluptatis

285 1237 385 1288 eausa
410 1218 538 1282 inuenta
558 1233 631 1280 esse
651 1212 826 1279 uideantur.
844 1219 852 1231 '
870 1211 1042 1279 Columnae
1070 1213 1186 1300 templa
1207 1225 1239 1280 et
1259 1234 1334 1302 por-

284 1321 365 1405 tieus
392 1334 565 1409 sustineam
596 1340 701 1396 tamen
729 1304 846 1395 babent
875 1349 940 1396 non
968 1330 1040 1416 plus
1066 1329 1211 1397 utilitatis
1238 1352 1332 1418 qum

285 1454 456 1539 dignitatis.
501 1445 636 1534 Capitoli
662 1446 823 1531 fastigium
849 1445 928 1513 illud
954 1457 986 1512 ot
1011 1425 1332 1550 ceterarumaedium

284 1591 348 1639 non
372 1576 537 1643 uenustas,
568 1564 627 1631 seul
654 1566 832 1630 necessitas
863 1567 935 1651 ipsa
960 1564 1118 1647 fabricata
1143 1576 1202 1631 est
1251 1564 1330 1633 Nam
1415 1582 1416 1601 ¹

285 1708 355 1756 oum
376 1695 462 1754 esset
482 1682 592 1748 babita
611 1683 694 1748 ratio
720 1701 812 1766 pem
834 1682 876 1747 ad
895 1681 1020 1748 modum
1044 1692 1235 1769 annuaque
1257 1687 1330 1752 teeti

283 1815 371 1894 parte
394 1820 477 1889 aqua
498 1798 713 1866 delaberetur:
740 1798 905 1864 utilitatem
929 1796 1036 1886 templi
1061 1799 1169 1884 fastigi
1192 1801 1329 1886 dignitas
1415 1816 1416 1819 ’

285 1930 457 1989 consecuta
479 1927 544 1995 est3
572 1926 619 1994 ut,
646 1916 797 1983 etiamsi
825 1916 858 1980 in
884 1916 981 1982 caelo
999 1913 1186 2003 Capitolium
1213 1929 1329 1985 statue-

284 2048 383 2112 retur,
413 2034 469 2099 ubi
494 2032 595 2098 imber
620 2051 695 2098 esse
720 2050 785 2096 non
805 2043 927 2117 posset,
958 2032 1078 2099 nullam
1103 2039 1172 2101 sine
1198 2037 1328 2122 fastigio

286 2153 468 2238 dignitatem
488 2147 664 2213 habiturum
683 2146 783 2212 fuisse
804 2148 957 2215 videatur.
997 2150 1068 2216 181.
1090 2150 1158 2219 lloo
1180 2155 1213 2219 in
1231 2158 1327 2220 omni·
1416 2164 1417 2171 ’

284 2271 343 2363 bus
365 2271 439 2339 item
459 2263 600 2360 partibus
622 2267 774 2334 orationis
797 2268 913 2345 evenit,
935 2277 968 2334 ut
988 2268 1151 2340 utilitatem
1173 2291 1213 2338 ac
1233 2292 1326 2359 prope
1417 2314 1418 2363 3

284 2511 317 2562 in
334 2501 566 2561 33186636.
601 2500 744 2556 Bonorum
767 2501 849 2574 igitur
871 2502 947 2556 solus
969 2503 1009 2557 13.
1033 2520 1187 2574 pronomen
1210 2505 1325 2576 ignorat,
1417 2528 1418 2531 ¹

285 2587 360 2661 qu‘od
380 2592 403 2645 sl
427 2589 487 2658 quis
510 2589 549 2642 lta
571 2595 700 2651 excussat,
724 2595 753 2640 ut
771 2603 827 2640 non
846 2587 881 2640 de
898 2589 971 2640 omni
989 2588 1118 2642 arborum
1136 2607 1254 2660 genere,
1278 2589 1324 2642 sad
1417 2584 1418 2655 l

283 2677 321 2730 ule
337 2675 467 2739 silvestri,
487 2672 560 2741 qood
578 2671 736 2742 frugiferum
752 2688 807 2724 non
826 2673 870 2737 sit,
888 2672 1092 2743 dictum-putet,
1110 2683 1202 2745 potest
1219 2675 1324 2745 quidem

283 2761 346 2815 talis
367 2757 523 2830 explicandi
546 2756 617 2809 ratio
639 2754 717 2820 inlrl,
739 2755 788 2808 sed
810 2755 892 2809 valde
918 2758 1041 2825 quaesito
1062 2757 1179 2813 videtur.
1199 2789 1230 2800 —
1258 2775 1324 2813 aas·
1379 2834 1385 2841 ι

283 2861 373 2915 quam
389 2871 425 2884 ·-
442 2826 753 2907 saturam1l1aeeom.
772 2839 823 2893 Gu.
843 2840 867 2893 2.
887 2839 911 2895 3.
938 2839 986 2912 bg.
1005 2840 1030 2895 2.
1111 2870 1114 2877 ·

368 2926 425 2981 186.
461 2924 642 2994 linquamus]
654 2923 854 2994 relinquamus
869 2923 920 2995 Lg.
932 2925 957 2979 3.
969 2926 1012 2981 67.
1024 2950 1061 2965 ⁴-
1077 2928 1226 2997 ariesque]
1245 2932 1322 2980 aries
1339 2974 1342 2979 .

282 3010 334 3080 hg.
352 3008 394 3063 36.
414 3025 470 3061 non
487 3008 559 3061 male
576 3025 659 3073 sane,
679 3010 703 3061 si
720 3017 784 3062 ante
802 3009 967 3063 distinxeris.
995 3027 1136 3080 areasque
1155 3012 1195 3066 13.
1213 3039 1250 3053 -
1274 3029 1322 3065 ea·

281 3092 402 3159 omme]
426 3092 466 3144 sic
488 3107 583 3143 omnes
606 3091 666 3143 lere
691 3092 770 3146 codd.
796 3094 859 3145 oliui
871 3095 952 3160 moti,
976 3093 1054 3148 Meu.
1074 3104 1201 3164 utraque,
1225 3095 1318 3150 Penne.

171 3172 177 3181 ”
283 3186 311 3231 et
328 3194 382 3233 rec.
401 3184 465 3248 post
481 3173 564 3242 lira,
590 3174 688 3245 quibus
712 3193 783 3229 nuno
807 3179 940 3232 accedunt
958 3178 1007 3250 bg.
1026 3180 1272 3249 praeternam,
1293 3180 1318 3232 in

281 3254 377 3333 qulbus
401 3261 467 3316 solls
490 3263 611 3314 sannae
634 3260 720 3325 inest,
745 3269 775 3315 ut
798 3262 825 3314 in
849 3263 917 3318 Ven.
942 3263 1016 3319 Lott.
1040 3262 1117 3334 blps.
1138 3264 1275 3318 'l'bannet‘l
1293 3272 1319 3317 et

240 3365 243 3370 ·
280 3349 399 3420 vulgatis
420 3355 483 3417 post
499 3344 560 3401 Ald.
593 3348 699 3399 canna
717 3344 812 3401 bamb.
832 3374 868 3390 υ-
897 3366 989 3418 quam
1009 3332 1093 3412 beia,
1119 3366 1210 3418 paam
1232 3348 1317 3415 mali]

280 3444 334 3485 om.
353 3431 405 3485 Gu.
422 3430 447 3484 3.
483 3447 573 3500 wem
595 3439 660 3484 ante
678 3431 755 3484 mali
776 3444 828 3485 otn.
848 3429 899 3503 bg.
916 3433 942 3489 3.
961 3435 985 3488 4.
1010 3434 1050 3487 13.
1075 3431 1117 3487 ld.
1142 3433 1177 3487 33
1195 3433 1257 3488 odd
1278 3433 1316 3488 36.

279 3514 348 3568 Post
366 3514 419 3567 boe
436 3514 538 3568 addunt
556 3531 646 3585 quam
661 3514 793 3586 reliqua,
813 3516 884 3569 sieut
900 3514 1049 3572 Lambinus
1066 3516 1144 3583 lecit,
1164 3517 1215 3589 lag.
1234 3520 1260 3574 3.
1278 3517 1317 3572 13.

278 3598 320 3655 st.
338 3598 381 3653 67.
401 3597 443 3652 84.
462 3598 506 3653 86.
530 3599 568 3652 ita
591 3616 661 3653 sorr.
682 3598 707 3654 3.
730 3627 766 3641 ··-
793 3600 965 3672 uoluptatis]
989 3604 1153 3655 emaculatis
1175 3602 1226 3675 Lg.
1246 3605 1270 3657 4.
1287 3631 1318 3643 -

182 3738 191 3746 ,
278 3684 432 3737 columnae
450 3684 577 3756 iesnpla]
608 3685 736 3755 optimam
760 3685 1154 3757 seripturamsuppeditarunt
1176 3685 1227 3757 Lg.
1247 3686 1272 3741 ‘a
1294 3685 1318 3741 3.

277 3770 303 3847 l.
320 3768 345 3823 6.
367 3766 406 3824 13.
425 3766 467 3822 33.
485 3767 528 3824 36.
544 3767 587 3823 67.
605 3766 659 3822 Gu.
675 3769 712 3836 3.,
732 3769 779 3839 qul
796 3786 855 3823 oum
872 3768 924 3841 Lg.
940 3772 965 3824 4.
986 3770 1067 3824 etiam
1085 3770 1201 3825 alterum
1219 3777 1250 3824 et
1267 3788 1318 3825 non

276 3852 376 3917 babet,
400 3853 454 3906 boc
480 3853 589 3921 quidem
612 3853 698 3907 male·
712 3883 747 3894 —
783 3851 929 3926 Capitoli]
955 3855 995 3908 sic
1018 3853 1069 3909 Gu.
1090 3852 1115 3907 3.
1142 3854 1192 3927 bg.
1213 3853 1254 3909 13.
1278 3855 1317 3911 36.

153 3958 156 3967 ’
276 3937 318 3992 ol.
333 3965 370 3978 -
388 3941 460 3990 teeti
470 3938 575 4008 paria]
594 3937 648 3991 inu.
667 3936 719 4007 Lg.
734 3947 846 4007 praeter
861 3939 886 3993 3.
901 3940 926 3994 3.
941 3940 966 3991 4.
982 3928 1024 3993 13.
1042 3938 1084 3993 33.
1098 3938 1141 3993 36.
1159 3939 1202 3994 67.
1215 3938 1260 3993 oo.
1278 3940 1316 3994 63.

275 4022 314 4086 ita
338 4020 398 4076 Alol.
423 4019 493 4072 lunt.
513 4020 584 4072 Vici.
609 4019 682 4073 Crat.
705 4019 801 4075 Lamb.
819 4050 855 4064 -
885 4023 1050 4077 utilitatem
1073 4023 1178 4094 tempii
1197 4023 1318 4096 fasiipii

275 4099 419 4170 dipniias]
443 4094 509 4154 Solu.¹
531 4092 628 4155 Musll.
653 4095 867 4158 de-eonlectura
880 4100 1194 4178 'utilitatemfastipii
1215 4109 1318 4180 templi

274 4181 424 4249 diprolius:
454 4201 482 4238 v.
506 4183 710 4253 explicationes.
733 4212 770 4227 -κ
804 4186 985 4263 Capitolium
1007 4190 1200 4261 statueretur]
1229 4189 1315 4263 Capt-
