2980 4602
19 354 22 447 l

327 339 330 343 -
397 302 456 370 ns
485 301 712 371 ouuronn
739 304 864 372 urnnn
884 305 908 373 1.
930 256 998 374 on.⁴
1140 294 1216 383 ire

179 471 289 539 arduo.
329 471 403 536 262.
425 469 520 536 Hisce
543 490 604 554 ego
626 469 906 548 cohortationibus,
929 469 1059 550 Crasse,
1090 474 1137 539 ud·
1152 486 1216 541 stu·
1270 552 1275 555 ,

176 587 261 652 diurn
281 596 313 662 et
333 585 374 652 ad
388 585 529 653 laborem
551 586 728 653 incitandos
749 589 878 653 iunones
899 570 1099 654 vehenonter
1118 593 1140 669 †
1162 610 1216 656 us·

174 704 306 777 sontior3
334 711 452 778 cetero,
479 720 559 786 quoe
582 701 739 786 collegisti
761 721 801 768 ox
820 703 918 768 variis
942 712 972 768 et
994 701 1128 770 diversis
1150 715 1215 771 stu-

175 816 236 882 diis
258 825 288 882 et
309 816 443 895 artibus,
463 819 588 883 tametsi
609 818 677 902 ipso
699 837 735 882 es
758 819 864 883 omnia
885 829 1084 895 consecutus,
1111 829 1215 886 tanen

177 931 218 1007 ub
244 934 377 998 oratoris
403 934 528 1018 proprio
560 931 664 999 olfioio
698 943 789 1018 atque
821 948 947 999 munere
974 935 1117 1000 seiuncta
1141 955 1215 1001 osse

176 1045 318 1113 arbitror.
1218 1062 1221 1069 ⁴

258 1158 357 1226 LXII.
387 1161 460 1225 366.
482 1159 570 1227 Haeo
591 1180 661 1227 oum
681 1162 835 1228 Antonius
858 1162 1002 1257 (linisset,
1025 1178 1103 1229 sune
1125 1164 1215 1230 dubi-

174 1286 242 1343 ture
263 1277 351 1342 visus
369 1284 422 1359 est
439 1272 598 1363 Sulpicius
620 1286 653 1342 et
672 1273 764 1342 Cotta
783 1279 882 1342 utrium
903 1279 1005 1344 oratio
1025 1282 1152 1366 propius
1175 1280 1216 1346 ud

173 1373 336 1483 veritatem
356 1390 514 1457 videretur
540 1392 701 1457 accedere.
746 1388 826 1456 Tum
849 1388 1003 1458 Crassus:
1031 1390 1215 1480 Operariurn

174 1507 268 1573 uobis
291 1505 459 1592 quonlam,
485 1506 616 1583 Antoni,
645 1514 802 1571 oratorem
822 1505 904 1571 ieois
927 1516 1018 1592 utque
1040 1507 1123 1575 baud
1144 1512 1214 1578 scio

35 1613 38 1620 ’
152 1641 217 1716 *prun
239 1620 332 1686 aliter
354 1621 471 1684 sentius
493 1631 524 1685 et
545 1629 633 1684 utere
654 1629 710 1684 tua
725 1619 783 1684 illu
803 1619 934 1685 mirilioa
954 1621 996 1685 ud
1011 1622 1216 1690 refellendum

174 1735 417 1811 consuetudine,
448 1753 511 1820 qua
540 1734 597 1799 tibi
626 1753 719 1799 neruo
752 1752 888 1818 unquam
917 1737 1090 1816 praestitit3
1127 1741 1217 1833 ouius

150 1851 300 1937 ¹«pridem
322 1851 420 1934 ipsius
445 1849 603 1912 facultatis
626 1850 808 1915 exercitatio
832 1855 989 1911 oratorum
1010 1851 1137 1933 proprie
1158 1859 1215 1928 est,

175 1965 232 2047 sed
252 1967 315 2030 ianr
337 1967 371 2028 in
385 1960 642 2048 pbilosophorum,
660 1957 882 2026 cousuetudine
902 1971 1046 2026 versetur
1065 1965 1215 2030 maxime-

176 2052 234 2166 que
253 2099 369 2167 eorum,
391 2081 444 2165 qui
465 2078 505 2161 de
525 2078 609 2142 oruui
629 2095 664 2159 re
686 2072 845 2160 proposita
865 2077 898 2140 in
914 2086 1075 2162 utramque
1096 2089 1214 2171 purtem
1254 2124 1259 2130 .

104 2180 107 2185 ’
176 2195 278 2261 solent
304 2194 520 2280 copiosissime
548 2191 663 2255 dicere.
703 2186 778 2255 264.
806 2187 921 2256 Verum
942 2210 1001 2275 ego
1027 2212 1091 2257 non
1112 2194 1214 2258 solunt

177 2308 355 2375 arbitrabar
387 2306 439 2372 bis
471 2307 656 2393 praesertim
692 2305 887 2371 audientibus
921 2325 941 2370 u
971 2325 1020 2370 me
1051 2307 1214 2387 iniorruari

177 2432 321 2509 oportere
344 2420 447 2506 qualis
467 2440 540 2485 esse
560 2432 666 2506 posset
687 2423 725 2496 is,
747 2422 800 2505 qui
821 2419 986 2484 babitaret
997 2422 1029 2483 in
1052 2419 1213 2485 subselliis

177 2556 279 2622 neque
309 2536 472 2620 quicquum
499 2534 629 2620 amplius
656 2533 793 2610 afferret,
822 2552 914 2617 quum
941 2534 1022 2617 quod
1049 2552 1215 2599 causamn

178 2780 222 2836 86.
258 2779 428 2834 adsecutor
451 2781 491 2836 17.
526 2779 592 2835 Non
617 2778 717 2832 iniuria
736 2784 889 2849 suspectum
912 2775 965 2831 boc
983 2775 1074 2832 Buklo
1097 2776 1215 2845 videtur,

178 2882 237 2918 curn
254 2864 368 2917 Crassus
392 2861 457 2916 nibil
481 2864 515 2917 (le
538 2860 681 2916 incitundis
703 2860 848 2915 iuvenibus
871 2852 996 2924 uirenti-
1009 2860 1062 2928 quu‘t
1082 2850 1117 2913 de
1133 2877 1215 2915 cuuto

178 2948 288 3017 corrigit
307 2963 426 3008 seuseu,
438 2946 520 3014 >quod
537 2962 612 3010 cunr,
630 2951 659 2996 ut
676 2961 760 3014 saepe
779 2945 878 2999 fuctum
896 2954 962 3010 est,
973 2945 1000 2996 iu
1018 2948 1112 2997 sentio
1131 2951 1215 2997 truns-

179 3031 264 3093 iisset‚
281 3029 344 3101 iude
360 3028 459 3082 luctum
475 3034 630 3083 assentior.
660 3025 716 3079 Sed
734 3042 789 3082 non
806 3027 894 3099 probo
911 3026 984 3096 quod
1001 3030 1141 3080 assentiri
1156 3044 1215 3090 curu

179 3111 315 3166 infinitivo
339 3121 366 3164 et
383 3113 540 3173 accusativo
559 3112 624 3182 poni
643 3111 764 3180 potuisse
782 3106 871 3182 negot.
907 3109 1009 3167 Quidni
1031 3110 1163 3179 potuerit,
1187 3120 1216 3163 nt

177 3195 233 3248 ulia
250 3193 337 3247 verbu
356 3195 493 3264 cogitandi
511 3204 541 3248 et
557 3191 684 3247 dicendi?
703 3222 734 3234 -
755 3193 915 3265 eollepisii]
936 3189 1091 3262 coulepisit
1109 3191 1158 3262 bg.
1171 3190 1213 3246 65.

178 3278 219 3332 70.
232 3278 275 3332 73.
289 3309 321 3318 -
341 3279 473 3344 tametsi]
492 3278 590 3331 tumen
608 3282 636 3328 ei
654 3279 682 3330 el
697 3275 746 3346 Lg.
757 3276 788 3330 ’6.
799 3305 834 3316 -
852 3276 925 3347 iprse]
943 3278 1051 3344 etipse
1067 3273 1117 3345 Lg.
1129 3272 1216 3330 so.—

180 3361 294 3427 omniu]
315 3364 434 3414 omnino
451 3360 501 3431 Lg.
521 3356 561 3414 14.
582 3359 621 3415 15.
639 3356 683 3413 23.
700 3359 743 3431 69.
763 3358 864 3413 7633.
959 3408 962 3419 ,

188 3444 192 3453 ’
265 3458 352 3514 Lxu.
388 3458 448 3513 363.
483 3460 641 3526 uideretur]
663 3459 781 3541 uidetur
803 3458 855 3511 Gu.
874 3457 897 3512 1.
920 3482 956 3497 κ-
987 3454 1136 3524 accedere]
1161 3453 1216 3510 ad-

179 3541 284 3620 cedere
301 3541 350 3617 bg.
367 3541 410 3597 67.
428 3541 470 3595 70.
480 3542 532 3615 ,73.
549 3568 584 3580 -·-
611 3543 771 3609 oratorem]
789 3543 955 3594 oratorium
974 3539 1025 3609 lig.
1041 3540 1083 3593 93.
1100 3560 1136 3578 h
1164 3546 1217 3605 tua

160 3622 490 3696 -111a1rnv.Lg.5.ou
510 3624 605 3678 76.-
619 3625 762 3692 uuquam]
780 3624 820 3678 sic
836 3623 886 3694 lep„
907 3638 1001 3690 omnes
1020 3632 1129 3692 praeter
1145 3615 1176 3676 3]
1190 3621 1216 3677 5.
1310 3614 1321 3627 ’

179 3705 221 3761 76.
240 3735 275 3745 ·-
301 3708 407 3779 ipsius]
427 3725 480 3783 our.
498 3706 548 3778 bg.
566 3707 608 3761 76.
627 3705 669 3761 86.
690 3723 751 3777 exp.
770 3707 812 3761 63.

208 3847 212 3853 .
265 3804 323 3861 ubl.
360 3806 538 3876 informari]
558 3805 709 3875 lufirmari
725 3806 776 3860 Gu.
791 3808 817 3861 6.
835 3805 886 3877 Lg.
906 3807 931 3860 3.
951 3802 977 3858 5.
996 3805 1035 3859 14.
1053 3803 1095 3858 65.
1112 3800 1154 3856 61.
1174 3799 1218 3857 84.

180 3889 223 3945 86.
238 3887 281 3943 93.
308 3893 459 3943 insinuari
472 3890 542 3943 Vici.
555 3916 591 3930 -
608 3906 675 3941 esse
686 3891 799 3961 posset]
816 3890 870 3943 inv.
884 3887 933 3958 Lg.
946 3888 988 3943 67.
1002 3889 1044 3943 81.
1057 3886 1098 3942 84.
1119 3889 1219 3957 possit

182 3972 223 4026 16.
241 3974 285 4026 65.
304 3973 347 4027 70.
366 3975 409 4028 73.
429 4001 465 4014 -
488 3974 656 4044 quiequam]
675 3972 725 4043 Lg.
745 3989 838 4029 omues
856 3980 965 4043 praeter
981 3973 1005 4026 3.
1025 3966 1050 4024 6.
1067 3994 1103 4010 ο-
1130 3984 1220 4035 quum

181 4055 284 4123 quod}
298 4051 411 4124 quarti?
426 4056 460 4124 (i.
479 4072 503 4111 e.
523 4059 703 4127 quanquam)
721 4057 792 4109 Viet.
814 4056 850 4096 -‘
874 4051 1065 4124 praesertim]
1088 4051 1235 4135 mouime.

976 4148 1017 4209 12
