2938 4590
262 342 363 417 8²0
663 336 918 410 CICERONIS

262 514 305 587 ri,
321 522 352 578 et
376 510 487 577 dolore
513 517 545 576 ot
570 508 684 575 ardore
713 510 809 575 animi
836 511 1029 586 concitares,
1057 518 1100 575 ut·
1117 528 1179 594 ego
1206 510 1248 575 ad
1274 511 1317 576 id·
1435 570 1443 577 .

264 627 518 713 restinguendum
538 629 746 693 macerarer
767 627 943 693 accederet
983 625 1149 692 Habueras
1171 630 1254 692 enim
1277 638 1311 694 tn

266 748 372 813 omnia
393 747 434 810 in
447 764 547 810 causa
568 746 749 832 superiora:
776 746 838 811 rim
860 744 966 829 fugam
991 743 1216 831 lapidationem
1237 765 1320 827 cru-v

266 864 424 947 delitatcm
455 861 653 927 tribuniciam
684 863 716 925 in
749 858 919 947 Caepionis
949 863 1041 946 gravi
1072 861 1311 946 miserabilique

266 1001 352 1048 casu-
369 982 402 1044 in
429 979 577 1045 iudicium
601 977 763 1055 vocabas3
791 977 903 1043 deinde
926 979 1097 1065 principem
1123 988 1154 1044 et
1181 988 1322 1069 senam!

198 1124 202 1133 ’
266 1108 298 1164 et
325 1099 459 1165 civitatis
481 1093 527 1160 M.
548 1088 717 1160 'Aemilium
745 1069 850 1181 lapide
876 1115 1057 1181 percussum
1082 1116 1155 1162 csse
1182 1106 1320 1177 consta-¹

268 1216 339 1294 bat3
366 1217 399 1280 vi
424 1213 546 1301 pulsum
573 1233 590 1278 e
616 1212 729 1298 templo
751 1209 789 1276 L.
812 1209 934 1279 Cottam
959 1222 991 1278 ct
1012 1212 1051 1277 T.
1072 1210 1212 1291 Didium,
1240 1233 1312 1279 cam

158 1326 166 1341 ‘
266 1332 463 1400 intercedere
484 1329 602 1396 vellent
622 1331 794 1413 rogationi,
816 1349 907 1396 nemo
928 1339 1049 1417 poterat
1070 1349 1199 1415 negare.

237 1534 239 1538 .
350 1443 491 1513 XLVlll.
523 1446 596 1511 198.
618 1445 815 1524 Accedebat,
836 1457 869 1513 ut
888 1446 969 1513 baec
990 1458 1023 1512 to
1045 1447 1233 1514 adolescens
1253 1467 1311 1534 pro

265 1564 444 1654 republica
472 1565 561 1650 queri
587 1584 707 1629 summa
734 1584 802 1630 cum
824 1564 973 1649 dignitate
993 1550 1222 1645 existimarere3
1250 1584 1312 1649 ego

266 1664 360 1752 bomo
386 1678 549 1749 cedsorius
571 1683 623 1747 vix
649 1683 728 1747 satis
754 1681 885 1749 honeste
905 1681 1032 1748 viderer
1058 1682 1241 1750 seditiosum
1265 1684 1313 1748 ci-

266 1822 337 1883 vem
364 1810 395 1866 et
421 1801 454 1864 in
475 1798 610 1864 bominis
633 1799 810 1864 consularis
836 1798 1014 1865 calamitate
1036 1799 1195 1865 crudelem
1214 1818 1312 1886 posse
1390 1800 1400 1805 “

271 1917 451 1985 defendere.
494 1912 592 1980 Erant
613 1915 720 2001 optimi
741 1917 828 1982 cives
849 1916 980 1995 iudices,
1002 1916 1155 1982 bonorum
1174 1918 1321 1983 virorum,

266 2034 392 2121 plenum
413 2032 530 2107 iorum,
551 2032 604 2096 vix
624 2040 657 2096 ut
678 2030 754 2096 mibi
774 2032 876 2098 anuis
898 2033 1051 2118 quaedam
1072 2034 1166 2100 venia
1187 2032 1315 2098 daretur

268 2149 491 2224 excusationis,
512 2146 596 2232 qaod
611 2158 716 2213 tamen
737 2167 806 2214 eum
824 2148 1033 2228 defenderem,
1056 2151 1108 2236 qui
1123 2149 1199 2215 mibi
1215 2170 1315 2236 ‹puae-

269 2276 337 2334 stor
357 2265 478 2330 fuisset.
520 2262 580 2330 Hic
601 2284 663 2349 ego
685 2265 759 2351 quid
780 2265 884 2332 dicam
905 2286 954 2333 me
977 2277 1074 2334 artem
1096 2267 1233 2353 abquam
1256 2267 1315 2332 ad-

268 2383 436 2451 hibuisset
464 2381 538 2468 quid
560 2381 688 2448 fecerim
709 2381 863 2465 narrab03
890 2378 923 2451 si
938 2384 1105 2472 placuerit,
1130 2403 1189 2451 vos
1211 2403 1315 2451 meam

269 2631 525 2706 resttapaeadum]
559 2632 778 2706 tasttapeudum
809 2633 859 2705 Lg.
881 2635 898 2687 4
919 2653 947 2690 v.
978 2633 1231 2707 eatrtapaeudum.
1266 2649 1315 2688 re-

270 2719 474 2792 striapendom
497 2717 540 2773 69.
564 2719 596 2772 81
621 2736 649 2772 v.
668 2735 694 2772 ιι.
715 2727 734 2773 t.
751 2749 787 2762 -
819 2717 971 2790 accedere]
994 2720 1045 2792 bg.
1071 2718 1114 2773 65.
1137 2719 1179 2775 67.
1206 2719 1246 2773 76.
1271 2717 1314 2773 73.

272 2804 433 2859 accendere
450 2803 493 2858 84.
510 2832 546 2845 -
571 2806 651 2856 enlm
669 2801 714 2873 ta]
733 2802 773 2856 sic
791 2802 841 2875 bg.
855 2802 879 2857 3.
895 2801 920 2857 3.
936 2801 961 2858 6.
981 2801 1023 2858 13.
1040 2803 1082 2858 33.
1101 2803 1143 2857 36.
1161 2803 1204 2858 tta.
1222 2802 1314 2859 Havn.

272 2889 297 2944 l.
315 2888 340 2942 3.
367 2889 418 2942 Gu.
435 2887 459 2941 3.
485 2887 548 2940 Ald.
572 2885 641 2942 ltrnt.
666 2886 739 2942 Crat.
764 2887 827 2941 Scb.
851 2885 901 2941 Ora
923 2886 1008 2942 Henr.
1044 2892 1145 2941 amato
1163 2893 1195 2940 ta
1216 2885 1268 2957 ng.
1288 2887 1316 2939 4.

273 2980 337 3027 tam
359 2969 438 3026 codd.
465 2971 605 3041 plerique,
632 2970 710 3026 Man.
729 2971 823 3026 Lamb.
845 2971 922 3026 Grut.
939 2970 1005 3027 llrn.
1042 2980 1111 3026 tuac
1135 2971 1186 3042 Lg.
1204 2971 1247 3025 30.
1283 2969 1315 3023 ln

272 3056 325 3111 Gu.
343 3056 368 3111 3.
393 3072 490 3110 versus
513 3055 548 3108 ab
573 3062 606 3108 at
629 3071 682 3126 epo
705 3072 791 3125 usque
814 3057 850 3109 ad
872 3059 951 3108 enim
972 3063 1004 3109 ta
1024 3055 1083 3126 (bis
1100 3054 1317 3126 comprehensis)

275 3141 391 3195 omissus
410 3148 460 3195 est.
476 3165 513 3178 -
540 3138 743 3210 tribuniciam]
762 3158 813 3210 per
830 3147 843 3193 t
860 3139 911 3210 Lg.
928 3139 1019 3211 XVII]
1037 3137 1087 3194 sed
1104 3140 1263 3195 deteriores.
1281 3166 1317 3179 -—
1426 3170 1430 3179 ι

271 3225 389 3298 lapide]
410 3224 541 3297 leptdam
557 3222 608 3315 lup.
621 3223 646 3278 3.
660 3224 684 3279 4.
699 3224 742 3279 36.
770 3223 905 3296 lapidum
923 3224 964 3280 13.
982 3225 1033 3280 Gn.
1049 3225 1073 3280 3.
1088 3256 1124 3265 -
1140 3228 1171 3279 ot
1179 3223 1316 3298 pulsum]

272 3313 305 3363 tn
318 3310 407 3383 pulsu
425 3309 477 3363 Gn.
491 3307 516 3363 3.
530 3335 566 3351 ·-
585 3324 601 3361 e
619 3308 742 3382 templa]
760 3309 899 3380 vulgatum
916 3326 954 3363 aa
972 3309 1080 3363 correxi
1097 3318 1206 3364 secutus
1223 3309 1273 3380 ag.
1289 3308 1315 3364 3.

274 3392 314 3450 13.
333 3392 375 3448 36.
394 3393 437 3447 81.
455 3392 497 3447 84.
526 3410 543 3445 e
560 3410 582 3449 s.
602 3411 640 3448 ec
659 3394 737 3447 abest
754 3412 772 3447 a
788 3393 839 3466 Lg.
857 3397 882 3451 4.
900 3423 933 3435 -
962 3391 1157 3465 aeporel'om.
1177 3394 1246 3447 vict.

359 3476 485 3532 XLVlll.
522 3477 581 3532 138.
617 3478 794 3549 accedebat]
821 3478 985 3533 adcedebat
1013 3478 1063 3550 Lg.
1088 3476 1129 3533 65.
1154 3478 1195 3534 76.
1218 3477 1259 3533 73.
1284 3508 1316 3519 -

272 3561 457 3631 adolescens]
478 3561 558 3618 adal.
581 3561 632 3633 Lg.
652 3563 692 3618 17.
714 3563 757 3618 65.
778 3564 819 3618 70.
839 3563 881 3619 73.
898 3560 941 3618 84.
957 3562 1002 3619 86.
1023 3591 1055 3604 -
1088 3561 1248 3634 dtpnttate]
1270 3566 1317 3617 ta-

273 3649 420 3719 dipattate
436 3644 487 3716 Lg.
501 3646 526 3701 5.
547 3647 587 3702 14.
607 3646 704 3703 1617,
723 3647 766 3703 36.
781 3647 825 3702 33.
842 3647 885 3705 65.
903 3648 947 3704 67.
967 3647 1008 3703 73.
1028 3648 1070 3703 76.
1088 3647 1131 3702 86.
1168 3665 1235 3701 cam
1253 3657 1318 3701 anta

273 3733 425 3804 dtpat'tate,
445 3732 498 3785 oin.
524 3731 576 3785 Gn.
596 3732 619 3787 l.
640 3762 675 3773 -
707 3732 928 3803 eatsttmarere]
953 3737 1146 3787 eatsttmores
1167 3731 1218 3786 Gn.
1238 3731 1262 3786 3.
1283 3762 1318 3772 -

274 3814 439 3885 censorias]
457 3820 627 3870 censorious
646 3816 695 3888 bg.
711 3817 736 3872 3.
754 3845 790 3858 ——
813 3818 954 3872 bonoram
970 3817 1112 3888 atrorem]
1130 3817 1187 3872 inv.
1205 3815 1255 3886 bg.
1273 3816 1316 3871 35.

270 3902 316 3956 33.
334 3930 369 3942 ν-
394 3899 507 3969 tamea]
526 3917 594 3954 cam
612 3899 662 3969 Lg.
681 3900 706 3956 3.
725 3900 768 3956 33.
788 3929 824 3944 »-
849 3904 930 3974 mm]
949 3920 1016 3956 cam
1033 3902 1083 3974 ug.
1099 3901 1141 3957 63.
1169 3900 1221 3954 Gu.
1239 3900 1263 3955 3.
1282 3926 1318 3938 -·

275 3983 428 4054 quaestor]
453 3983 570 4054 Iapetus
592 3983 663 4036 miro
687 3985 800 4038 invento
821 3984 871 4056 Lg.
890 3986 916 4040 3.
935 3987 959 4043 4.
984 3986 1025 4041 13.
1043 3986 1085 4042 33.
1103 3985 1146 4043 36.
1173 3984 1224 4039 Ga.
1240 3984 1266 4038 3.
1283 4013 1319 4024 -

272 4067 323 4120 bic
340 4083 393 4136 epo
413 4066 501 4136 quid]
523 4065 572 4118 bic
589 4065 663 4134 quid
681 4084 734 4138 epo
758 4066 809 4138 Lg.
830 4085 925 4123 omnes
946 4078 1058 4141 praeter
1075 4069 1102 4127 3.
1124 4068 1151 4125 3.
1169 4072 1193 4125 4.
1214 4067 1257 4124 13.
1274 4067 1317 4123 33.

272 4149 315 4206 36.
334 4148 394 4214 ata
420 4151 485 4203 item
503 4148 554 4204 Ga.
572 4147 597 4204 3.
619 4148 689 4207 vict.
709 4149 805 4208 bamb.
