2980 4602
262 326 366 412 ¹¹⁰..
650 317 908 399 oreruorvrs
986 394 990 397 ,

226 506 230 511 “
261 490 383 576 gularis
406 499 436 555 et
451 482 558 556 divina
570 489 619 555 vis
641 489 761 572 ingenii
781 487 903 553 videtur
923 487 1018 551 etiam
1040 489 1069 552 si
1090 486 1151 553 lrao
1172 489 1305 554 scientia

261 610 340 673 iuris
361 608 479 673 nudata
499 608 555 682 sit,
575 625 670 692 posse
693 623 728 669 se
749 604 845 669 facile
869 606 982 669 ceteris
1006 608 1101 668 armis
1122 605 1304 691 prudentiae

262 727 343 805 tueri
362 725 460 808 2atque
487 722 665 788 defendere.
710 718 812 799 Quam
838 720 877 785 ob
900 740 966 785 rem
986 720 1038 786 hio
1065 721 1158 786 nobis
1185 724 1225 787 sit
1251 743 1305 787 ex-

265 829 392 926 oeptus3
418 850 541 925 eeteros
563 857 638 904 vero
664 857 729 903 non
747 836 900 902 dubitabo
925 839 1056 922 primum
1077 839 1208 903 inertiae
1230 847 1305 904 'aon'-

224 958 230 962 ’
263 957 411 1022 damnare
430 957 585 1021 sententia
600 974 681 1029 mea.
697 965 767 1040 post
784 956 878 1020 etiam
892 954 1110 1039 impudentiae.
1140 955 1216 1020 1732
1226 953 1306 1019 Nam

144 1083 155 1097 ²
234 1086 235 1090 ’
264 1072 397 1138 volitare
412 1074 452 1137 »in
472 1073 542 1155 loro
564 1071 697 1137 haerere
720 1073 753 1135 in
767 1073 834 1135 iure
854 1080 1082 1157 ao'praetorum
1098 1070 1305 1137 tribunalibus

265 1190 382 1254 indicia
402 1191 525 1276 privata
551 1204 735 1272 magnarum
758 1206 862 1251 rerum
888 1186 990 1263 obire,
1018 1190 1051 1251 in
1077 1187 1188 1271 quibus
1210 1204 1327 1273 saepo·

264 1306 387 1372 nonde
409 1305 509 1381 facto,
538 1304 596 1393 sed
623 1304 661 1368 de
686 1305 850 1388 aequitate·
864 1323 902 1369 aa
924 1306 991 1368 iure
1013 1312 1158 1380 certetur,
1186 1305 1305 1370 iactare

264 1442 300 1499 ue
322 1425 355 1486 in
377 1423 483 1486 oannis
499 1398 782 1496 centumviralibus,
804 1421 838 1484 in
859 1419 970 1504 quihus
989 1421 1211 1504 usucapionum
1226 1431 1306 1485 tute-

215 1614 221 1623 ,
264 1539 366 1619 larum
386 1537 593 1622 gentilitatum
610 1539 811 1620 agnationum
826 1535 1017 1602 alluvionum
1031 1536 1305 1602 circumluvi‘onum

264 1634 414 1722 nexorum
446 1656 670 1740 mancipiorum
703 1655 856 1740 parietum
887 1653 1036 1718 luminum
1066 1651 1305 1735 stillicidiorum,
1356 1715 1366 1731 .

271 1905 365 1956 etlam
383 1903 433 1970 11],
447 1904 487 1955 sie
505 1900 556 1972 Lg'.
574 1902 600 1955 1.
618 1900 659 1956 31.
678 1899 720 1955 81.
737 1900 780 1956 86.
815 1905 874 1955 erni
889 1918 910 1956 s.
929 1907 958 1954 et
973 1904 1002 1955 ri
1021 1900 1059 1955 16.
1079 1899 1121 1954 67.
1139 1899 1182 1954 69.
1203 1900 1244 1959 76.
1264 1900 1305 1956 73.

266 1991 295 2040 si
311 1986 335 2040 5.
354 1986 379 2039 6.
400 1985 439 2040 11.
461 1985 501 2039 15.
524 1984 565 2039 17.
584 1985 626 2039 16.
646 1985 688 2039 11.
703 1984 745 2039 13.
761 1984 796 2036 11
808 2001 878 2038 corr.
897 1986 939 2039 35.
956 1985 999 2039 65.
1014 1985 1056 2039 76.
1070 1983 1112 2037 81.
1128 1982 1170 2040 93.
1190 1983 1259 2038 Vict.
1271 2012 1306 2026 —-

264 2086 353 2141 poure
370 2070 412 2136 ue]
432 2086 464 2121 aa
475 2085 534 2122 om.
552 2067 602 2139 Lg.
621 2068 646 2121 1.
660 2070 684 2122 1.
703 2068 744 2124 13.
762 2069 797 2124 31
809 2068 872 2122 odd.
892 2069 934 2123 36.
948 2067 1047 2122 Lamb.
1083 2067 1143 2121 Etsi
1160 2067 1306 2136 aliquando

265 2153 368 2215 auoidit
390 2169 559 2223 pronomen,
584 2155 730 2225 proniores
754 2153 790 2205 ad
813 2152 990 2206 omittendum
1013 2151 1057 2204 lric
1075 2152 1203 2205 librarios
1223 2152 1306 2205 luisse

264 2237 415 2291 verisimile
435 2249 549 2308 propter
568 2238 682 2292 verbum
700 2237 877 2307 praecedens.
899 2264 935 2276 ·-
963 2234 1068 2304 facile]
1091 2253 1144 2289 om.
1168 2235 1218 2307 lug.
1238 2236 1262 2290 5.
1279 2234 1304 2291 6.

178 2334 182 2339 “
209 2386 219 2399 ι
245 2320 377 2387 ,lala
395 2321 435 2376 16.
456 2322 496 2376 17.
521 2320 869 2377 1θ.11.13.11.65.7().
890 2320 992 2374 7376.
1016 2318 1048 2371 81
1069 2319 1132 2373 add.
1151 2318 1192 2374 81.
1210 2309 1253 2373 86·
1270 2347 1306 2360 —-

265 2407 359 2472 tueri]
384 2420 491 2458 caueae
516 2410 595 2460 tueri
618 2406 678 2460 edd.
705 2406 874 2473 antiquiores
898 2421 991 2457 omnes
1008 2413 1119 2473 praeter
1135 2402 1221 2471 luna,
1242 2405 1306 2457 item

265 2490 297 2543 Z.
312 2510 337 2543 α.
352 2496 377 2554 β.
392 2490 418 2543 d.
433 2508 454 2544 ε.
482 2490 538 2542 Sed
555 2506 608 2544 om.
628 2507 735 2544 edernae
747 2488 797 2559 Lg.
817 2505 912 2542 omnes
929 2497 956 2543 et
972 2487 1023 2542 Gu.
1038 2489 1135 2544 1.1.3.
1152 2516 1189 2530 —-
1205 2488 1305 2558 atque]

267 2589 303 2633 ae
319 2571 369 2642 Lg.
381 2574 406 2627 3.
417 2603 454 2651 7·
471 2575 595 2641 eeteros]
614 2580 686 2628 eoet.
701 2573 751 2643 hg.
764 2573 804 2627 13.
815 2572 857 2626 16.
867 2573 909 2626 67.
939 2578 1013 2626 caet.
1029 2570 1075 2625 Vl.
1087 2574 1174 2625 minus
1185 2572 1259 2626 boni.
1275 2600 1305 2612 -

266 2655 419 2724 dubitabo]
435 2655 537 2711 dubito
549 2658 599 2728 Lg.
611 2661 635 2713 3.
646 2658 686 2712 11.
695 2658 737 2711 67.
746 2685 782 2739 -7
795 2656 1010 2729 impudentiae]
1021 2656 1209 2731 inpudentiae
1218 2655 1269 2709 Gn.
1279 2656 1305 2710 3.

343 2773 402 2826 173.
429 2774 700 2841 centumviralibus]
713 2778 830 2826 eentum
839 2772 1016 2828 innobilibus
1026 2773 1060 2841 (s.
1071 2772 1140 2839 uir.)
1152 2769 1201 2842 Lg.
1210 2771 1305 2827 11661.

266 2855 338 2907 611.
372 2851 617 2910 coniecturalibus
634 2859 651 2910 1
668 2874 738 2911 corr.
760 2858 867 2925 quidam
885 2858 999 2912 divisim.
1018 2883 1053 2896 —
1078 2858 1306 2927 usucapionum]

265 2937 373 2989 divisim
397 2937 447 3007 Lg.
470 2941 495 2993 1.
531 2946 666 3010 uoueeap.
693 2941 793 2997 (16.1.
821 2950 849 2995 et
873 2941 922 3012 Lg.
944 2938 1021 2994 Xlll.
1046 2941 1085 2992 ita
1108 2956 1178 2995 corr.
1204 2942 1246 2994 31.
1264 2942 1306 2981 ’-

265 3019 451 3074 alluvionum
464 3029 491 3074 at
509 3021 773 3075 etrauquoioaum
790 3025 883 3092 plures
901 3031 1044 3092 corrupte,
1061 3032 1091 3077 nt
1108 3031 1199 3076 tamen
1217 3025 1244 3077 in
1264 3024 1304 3078 17.

263 3103 427 3158 116170.
448 3105 707 3159 73111661666111.
744 3106 867 3158 Alterum
886 3105 952 3159 xlx
972 3107 1052 3160 codd.
1072 3123 1143 3172 om,
1163 3107 1190 3159 in
1210 3107 1306 3175 quibus
1397 3103 1405 3110 ’
1481 3108 1482 3149 l

266 3187 305 3241 15.
324 3187 366 3241 66.
386 3188 428 3242 70.
448 3188 488 3243 73.
509 3189 635 3243 7611661
652 3188 723 3243 Viot.
741 3218 777 3230 ·-
805 3186 959 3257 luminum]
981 3191 1140 3260 fluminum
1161 3191 1212 3246 Gn.
1232 3193 1257 3247 3.
1278 3200 1306 3244 et

262 3270 314 3341 Lg.
332 3271 406 3338 xlv,
432 3288 546 3340 quorum
570 3280 633 3325 sunt
656 3273 682 3327 3.
705 3272 809 3327 beorn.
834 3273 874 3328 13.
897 3274 938 3327 15.
961 3264 1009 3328 67.’
1022 3272 1066 3328 69.
1085 3274 1126 3328 76.
1162 3274 1306 3329 luminum

259 3355 419 3423 fluminum
441 3354 480 3409 16.
500 3356 542 3409 73.
568 3386 599 3395 -
628 3354 796 3428 ruptorum'
811 3364 865 3410 aut
887 3359 1036 3425 ratarum]
1062 3356 1213 3428 ita-Havn.
1236 3356 1304 3413 11.

262 3435 337 3491 Harl.
354 3436 376 3492 l.
388 3439 413 3491 1.
426 3458 452 3492 α.
464 3446 489 3505 β.
502 3459 528 3508 γ.
547 3456 599 3510 mg.
613 3440 639 3493 d.
658 3439 716 3493 Erl.
731 3439 754 3494 1.
777 3440 828 3494 Gu.
842 3440 867 3494 1.
887 3443 974 3511 (errat
989 3442 1024 3517 de
1038 3443 1061 3495 l.
1080 3450 1108 3493 et
1121 3442 1138 3495 3
1150 3440 1305 3508 Henriclru.)

262 3517 319 3574 urs.
344 3519 393 3592 ng.
412 3521 436 3576 5.
458 3523 739 3580 1111131165.
759 3523 801 3578 69.
822 3525 864 3578 81.
883 3524 925 3579 93.
947 3526 1009 3579 add.
1029 3534 1093 3577 onte
1111 3523 1187 3579 Grnt.
1207 3525 1304 3579 Pearc.
1404 3596 1409 3600 ἡ

262 3600 327 3671 Era.
347 3602 397 3660 (11.
434 3612 499 3660 tert.
519 3615 677 3679 raptorum
696 3613 749 3662 aut
768 3615 905 3661 ratarum
921 3610 947 3662 d.
985 3615 1004 3664 t.
1024 3614 1101 3680 rapt.
1122 3614 1176 3661 aut
1192 3614 1305 3680 raptor.

260 3685 321 3741 Pal.
339 3688 362 3742 l.
382 3688 481 3744 Tosan.
500 3688 613 3745 Momm.
631 3694 655 3746 l.
674 3692 719 3760 (V.
736 3691 845 3761 Steph.)
863 3691 894 3747 Z.
907 3692 943 3746 U.
964 3693 1000 3761 (is
1018 3698 1046 3745 et
1064 3710 1091 3761 p.
1111 3692 1177 3756 aut)
1194 3710 1215 3745 ε.
1233 3692 1304 3747 vict.

261 3769 312 3827 Gn.
329 3772 352 3825 l.
369 3774 398 3826 3.
419 3772 470 3851 ¹³.ss-
484 3773 533 3847 lll,
552 3777 580 3828 in
599 3776 696 3844 quibus
712 3777 729 3830 3
747 3777 827 3829 inser.
839 3774 867 3843 ⁴⁸)
886 3775 928 3829 13.
947 3775 990 3830 67.
1014 3777 1052 3828 lta
1069 3791 1138 3829 corr.
1158 3776 1201 3829 31.
1237 3779 1305 3829 test.

258 3861 418 3925 raptorum
444 3858 550 3911 omissis
573 3860 671 3912 ceteris
697 3859 758 3912 Pal.
776 3860 802 3914 1.
838 3865 903 3913 teet.
929 3866 1084 3930 ruptorum
1108 3860 1213 3912 omissis
1238 3866 1304 3913 cett.

259 3932 408 3992 16661661.
429 3939 503 3993 Pitlr.
521 3939 572 4010 Lg.
590 3944 683 4007 ceteri,
701 3941 779 3998 Grut.
814 3942 908 3996 Verba
925 3948 1081 4014 turpiorum
1099 3949 1152 3996 aut
1170 3948 1307 3996 ratarum

259 4015 377 4072 Ernesto
397 4031 525 4092 suspecta
538 4022 669 4078 delevere
683 4024 747 4080 Selr.
768 4025 877 4092 Maeli,
895 4043 945 4079 noe
964 4042 1025 4077 cnm
1036 4025 1180 4082 Henriclrs.
1200 4027 1307 4080 uncinis

219 4124 224 4133 ·
258 4099 409 4171 clausimus.
452 4104 483 4158 lu
506 4105 567 4175 ipsa
588 4108 781 4180 oppositione,
807 4110 881 4177 quod
903 4109 1051 4165 Schuetaio
1075 4110 1181 4178 vlsuru,
1208 4111 1307 4165 vitium
