2980 4602
258 290 348 363 uss
560 238 566 250 Χ
651 286 906 356 ulcuscula
985 336 987 345 .

342 455 455 532 XLVI.
485 458 559 524 261.
581 457 648 523 lam
669 457 728 523 illa
747 478 812 524 uun
832 457 961 541 iungam
980 450 1158 523 arationum
1180 456 1305 523 desidua

257 586 328 641 rant
349 596 442 661 quam
470 575 510 642 ub
532 596 599 640 ram
621 577 795 641 existimem
815 574 944 661 publica
964 592 1087 660 quoquc
1110 575 1196 652 iura,
1224 552 1305 660 uuas

258 703 329 759 sunt
348 695 476 780 propria
491 695 626 759 civitatis
643 703 735 779 atquc
753 694 888 780 imperii,
909 701 973 756 tum
989 689 1187 756 munumenta
1203 711 1306 756 rerum

259 819 419 895 gestarum
442 821 473 876 ct
492 813 665 877 vetustatis·
679 810 823 901 cuampla
845 812 963 876 oraturi
986 818 1063 874 nuta
1085 828 1158 873 assa
1181 807 1305 873 debere.

257 925 338 995 Nam
359 930 446 992 utin
466 947 570 992 rarum
590 930 781 1014 privatarum
803 915 909 992 causis
934 936 1026 1011 atquc
1048 926 1174 991 iudiciis
1193 925 1305 1012 depru-

258 1044 375 1110 menda
397 1064 492 1131 saapc
515 1046 617 1110 oratic
640 1054 687 1109 est
709 1064 748 1109 cx
769 1046 836 1108 iuis
857 1043 944 1109 civili
965 1053 996 1108 et
1016 1043 1149 1121 idciim,
1178 1052 1211 1107 ut
1232 1051 1304 1106 ante

259 1161 408 1238 diximus,
436 1163 555 1227 oratori
576 1162 654 1226 iuris
677 1160 780 1226 civilis
803 1155 1143 1225 scicntiancccssaria
1164 1171 1228 1225 cst:
1256 1161 1304 1224 sic
1420 1159 1435 1170 ’

257 1280 291 1343 iu
319 1282 426 1344 causis
457 1277 592 1365 puhlicis
622 1278 807 1343 iudiciorum
836 1280 1013 1343 cantionum
1045 1288 1173 1343 sanatus
1203 1279 1304 1343 amnis

256 1394 338 1461 hacc
365 1405 396 1461 et
422 1378 614 1481 antiquitatis
644 1398 795 1461 memoria
824 1405 855 1460 ct
880 1395 999 1481 publici
1027 1397 1104 1462 iuris
1132 1399 1304 1459 auctoritas
1364 1434 1366 1437 -

257 1521 288 1581 et
308 1511 467 1597 regendae
486 1511 698 1598 reipublicae
719 1514 800 1578 ratic
822 1531 860 1578 ac
880 1514 1014 1577 scicntia
1029 1522 1175 1597 tanquam
1195 1511 1303 1596 aliqua
1323 1599 1324 1602 Ἴ
1348 1552 1351 1556 -

258 1631 406 1697 materias
428 1626 469 1694 ii's
492 1629 680 1707 aratoribus,
702 1631 755 1715 qui
772 1639 939 1704 versantur
960 1632 994 1694 iu
1014 1649 1049 1694 ra
1069 1628 1206 1716 publica,
1228 1628 1312 1693 suh--
1406 1624 1410 1631 “

255 1749 340 1814 iacta
360 1766 433 1813 csse
454 1747 555 1813 dubet.
597 1747 671 1812 202.
693 1744 765 1812 Nun
782 1749 865 1812 cuim
879 1745 1073 1812 causidicum
1086 1736 1197 1812 aescic
1212 1766 1303 1831 quem

256 1884 357 1950 acque
385 1864 588 1930 clamaturum
610 1874 663 1930 aut
683 1863 826 1930 rabulam
848 1864 909 1930 huc
932 1884 1075 1930 sermone
1097 1875 1206 1930 mustra
1229 1883 1303 1932 ccu-

257 1982 422 2066 quirimus,
451 1981 509 2047 sed
530 2001 600 2046 cum
621 1983 736 2058 virum,
765 1985 817 2067 qui
838 1983 970 2068 primum
994 1986 1034 2046 sit
1055 1954 1224 2047 cius'artis
1246 2000 1302 2046 an-

255 2100 364 2175 tistas,
388 2100 476 2164 cuius
499 2118 568 2164 cum
589 2100 661 2185 ipsa
681 2110 794 2164 natura
814 2118 961 2187 magnam
983 2098 1101 2165 homiui
1123 2099 1303 2183 facultatem

258 2216 362 2294 daret,
390 2225 495 2282 tamen
520 2220 542 2295 †
563 2235 636 2282 csse
664 2217 898 2303 dampnatur,
929 2227 962 2282 ut
984 2218 1097 2314 ipsum,
1126 2217 1209 2302 quud
1234 2227 1303 2282 erat

256 2332 392 2399 hominis
412 2335 587 2421 proprium,
608 2345 811 2420 naupactum
834 2354 890 2420 par
911 2354 984 2412 nos,
1012 2335 1069 2400 sad
1091 2335 1237 2421 divinitus
1260 2333 1303 2399 ad

254 2472 313 2518 uus
340 2451 476 2538 delatum
495 2451 668 2532 viduatum
696 2453 809 2519 deiude
837 2454 890 2538 qui
911 2455 1011 2539 possit
1036 2473 1100 2520 nau
1120 2434 1184 2519 tam
1206 2453 1302 2520 cadu-
1346 2496 1350 2501 ·

233 2731 240 2739 ,
339 2668 439 2724 XLVI.
473 2667 532 2724 261.
569 2670 644 2740 iam]
674 2670 758 2740 vulgo
787 2660 908 2725 additum
936 2686 1004 2724 varo
1033 2671 1139 2732 delevi,
1168 2667 1241 2737 qusd
1265 2668 1302 2721 ab

255 2756 380 2810 omnibus
404 2755 463 2808 iere
487 2754 566 2808 codd,
581 2756 683 2820 'abest,
707 2754 883 2809 11161112.
910 2755 961 2809 Gu.
982 2755 1004 2810 1.
1024 2757 1048 2809 2.
1076 2753 1134 2808 Eri.
1154 2751 1207 2808 Ox.
1229 2751 1301 2806 Vict.

254 2839 305 2909 Lg.
334 2839 459 2892 omnibus
483 2846 594 2907 praeter
618 2838 658 2893 14.
680 2832 782 2894 taus.
802 2841 843 2895 70.
863 2840 905 2895 93.
929 2869 962 2882 ν-
994 2839 1061 2910 iila]
1083 2838 1169 2891 illam
1190 2835 1239 2908 Lg.
1262 2836 1301 2891 17.

256 2923 297 2977 70.
318 2925 371 2995 ista
387 2922 430 2977 65.
452 2951 488 2962 -
516 2923 720 2993 monumenta]
742 2912 1039 2996 munimentasteph.
1058 2923 1127 2977 lunt.
1147 2922 1207 2975 Ati.
1227 2920 1302 2976 Crat.

254 3005 332 3061 Man.
351 3036 388 3048 —-
412 3010 510 3060 oratio
532 3008 761 3079 est—idcirco]
786 3028 838 3077 am.
857 3011 908 3081 Lg.
926 3012 969 3066 84.
1001 3007 1246 3064 1710146069.-
1274 3011 1305 3058 ci

255 3096 299 3145 sic
320 3090 483 3161 incautis]
508 3107 561 3144 om.
586 3090 637 3162 Lg.
659 3091 699 3148 17.
716 3124 753 3134 -
781 3094 863 3165 ante]
887 3100 977 3148 amica
998 3094 1050 3166 Lg.
1064 3095 1093 3148 6.
1110 3121 1146 3133 »-
1177 3089 1233 3160 uic]
1260 3094 1305 3143 sic

254 3176 304 3230 iic
322 3176 373 3248 mg,
393 3176 418 3230 3.
436 3175 461 3230 5.
481 3177 507 3236 6.
528 3177 568 3232 16.
589 3177 631 3232 26.
654 3179 696 3233 21.
715 3177 759 3234 23.
777 3180 819 3233 24.
839 3180 882 3234 35.
899 3181 943 3234 65.
960 3179 1004 3232 67.
1023 3179 1065 3233 76.
1085 3178 1127 3231 73.
1144 3176 1187 3231 81.
1206 3175 1247 3230 86.
1266 3186 1304 3215 -’

255 3260 439 3332 cantianam]
462 3264 502 3316 sic
519 3262 570 3335 Lg.
591 3262 631 3318 14.
652 3264 692 3319 15.
714 3263 753 3319 16.
772 3262 813 3318 20.
833 3264 937 3318 21.’23.
955 3263 997 3318 24.
1017 3265 1059 3317 35.
1077 3262 1121 3317 65.
1140 3263 1182 3317 67.
1200 3261 1242 3316 69.
1260 3260 1303 3314 70.

252 3347 296 3406 73.
316 3347 358 3406 76.
377 3347 419 3402 84.
438 3348 481 3402 86.
498 3347 541 3402 93.
560 3347 631 3404 Vici.
651 3348 703 3401 Gn.
722 3348 744 3401 1.
760 3378 797 3419 5-
816 3355 846 3401 et
863 3346 1071 3419 antiquitatis]
1090 3365 1143 3402 om.
1163 3354 1192 3401 ai
1209 3346 1259 3417 Lg.
1277 3345 1304 3399 3.

252 3431 277 3487 5.
301 3433 327 3486 a.
355 3431 456 3487 1617.
482 3430 524 3486 20.
549 3433 592 3488 21.
616 3432 659 3486 23.
683 3432 725 3486 24.
750 3433 792 3487 65.
811 3433 854 3487 67.
874 3432 980 3496 70.,73.
998 3433 1040 3487 86.
1077 3450 1116 3488 ea
1134 3430 1175 3485 84.
1200 3459 1236 3472 —-
1266 3446 1304 3484 ac

251 3515 391 3593 scientia]
418 3522 505 3572 eisc.
531 3516 582 3589 Lg.
603 3517 642 3570 14.
665 3516 704 3571 15.
723 3516 766 3571 uu.
785 3516 827 3571 81.
849 3548 885 3557 -
914 3517 966 3588 iis]
993 3517 1041 3572 aa
1064 3516 1114 3588 Lg.
1133 3516 1174 3570 24.
1195 3516 1238 3570 65.
1258 3515 1302 3569 67.

251 3601 292 3654 76.
308 3600 350 3656 73.
363 3603 405 3656 76.
419 3600 463 3664 84.
477 3601 520 3655 86.
534 3629 570 3645 »-
587 3600 685 3671 debei]
703 3601 911 3657 Lambiniauam
925 3605 1089 3673 scripturam
1108 3603 1135 3654 iu
1151 3601 1203 3654 huc
1220 3599 1304 3675 cadci.

249 3685 355 3742 incerta
373 3687 538 3743 auctoritate
564 3703 619 3745 uon
637 3695 727 3752 mut03
752 3687 857 3741 deiciat
880 3704 976 3742 omncs
999 3687 1051 3760 Lg.
1069 3687 1237 3758 praeteriti.
1256 3683 1301 3740 81.

198 3820 200 3823 .
251 3786 366 3839 quoram
384 3770 431 3823 iiie
449 3767 590 3834 debeant,
612 3771 657 3824 hic
676 3771 800 3827 debarai.

232 3918 237 3921 .
336 3853 395 3906 202.
432 3853 641 3925 clamatorem]
671 3857 710 3909 sic
734 3858 845 3915 correxi
868 3857 1009 3927 vulgatum
1035 3855 1302 3932 proclamatorcm',

250 3935 325 4003 qttod
350 3937 418 3992 uuili
439 3936 600 3994 Latinarum
623 3939 724 3993 dutum
748 3949 797 3994 est.
820 3955 858 3983 -‘
888 3940 944 4010 iac
962 3939 1064 4009 ueram]
1095 3939 1150 3992 icoc
1173 3956 1226 3995 out.
1252 3937 1303 4010 hg.

249 4016 292 4069 65.
307 4043 343 4056 —-
372 4018 469 4089 caius]
494 4018 539 4072 hio
555 4021 583 4073 in
601 4020 650 4091 hg.
672 4023 716 4076 la·
732 4025 826 4093 incipit
843 4025 942 4078 lacuna
960 4024 995 4078 ad
1014 4041 1111 4078 vocem
1133 4040 1220 4092 usque
1235 4041 1306 4096 per·

250 4098 352 4155 turbor
368 4102 417 4169 51,
434 4102 552 4185 2193-
578 4109 679 4161 tamen
697 4125 762 4163 asse
779 4108 852 4166 deus
867 4107 1010 4185 putatur]
1032 4108 1171 4165 ituenda.
1191 4117 1219 4165 et
1237 4108 1305 4173 ,eda
