2968 4596
451 280 511 351 DE
537 280 764 349 orandas
792 283 1013 352 1111111119.
1113 382 1120 395 ⁸
1188 293 1252 365 28

295 447 351 514 IX.
382 449 434 515 35.
463 449 545 516 Tam
567 449 727 518 Scaevola
748 456 890 529 comiter,
913 464 946 519 nt
967 453 1107 531 solebat,
1130 453 1254 531 Cetera,

206 570 322 653 inquit,
349 568 509 634 assentior
531 566 664 647 Crasso,
692 590 732 636 ne
755 580 808 637 aut
831 571 871 637 dc
894 569 929 636 C.
950 568 1045 637 Laeli
1066 577 1171 640 soceri
1194 579 1254 641 mei

207 696 264 757 ant
291 684 329 750 de
355 685 448 751 buius
474 689 584 771 generi
612 697 665 752 aut
692 698 758 754 arte
787 699 841 753 ant
866 688 971 772 gioria
991 689 1170 768 detrabam3
1196 693 1255 761 sed

204 802 268 868 illa
289 803 364 880 duo,
387 802 521 881 Crasse,
543 824 656 872 vereor
676 815 707 870 ut
728 805 784 871 tibi
800 808 920 892 possim
936 808 1126 874 concedere:
1149 830 1251 889 unum,

204 907 293 1006 quod
314 921 354 987 ab
377 922 556 989 oratoribus
577 924 720 989 civitates
741 934 774 988 et
794 925 883 991 initio
906 926 1088 992 constitutas
1110 939 1141 993 et
1154 948 1251 1016 saepe

204 1050 412 1105 conservatas
435 1060 509 1106 esse
531 1040 652 1118 dixisti3
674 1040 819 1118 alterum,
841 1041 926 1127 quod
946 1054 1065 1109 remoto
1086 1044 1155 1112 foro
1176 1066 1254 1112 eon-

203 1159 293 1222 tione
324 1138 450 1224 iudiciis
479 1168 590 1223 senatu
617 1162 752 1224 statuisti
778 1170 935 1227 oratorem
967 1162 1000 1225 in
1025 1162 1108 1229 omni
1133 1182 1250 1246 genere

295 1381 339 1437 tx.
376 1382 417 1436 35.
456 1381 567 1451 cetero]
594 1380 643 1453 Lg.
656 1380 716 1436 Χ11.
736 1387 810 1436 caet.
817 1403 828 1444 ,·
851 1389 923 1438 roet.
943 1382 983 1438 13.
1003 1383 1045 1438 99.
1065 1382 1107 1439 67.
1129 1414 1166 1431 -η
1201 1404 1249 1440 aa·

203 1467 332 1537 sentior]
356 1468 513 1520 adsentior
536 1465 705 1536 11365-
739 1466 862 1537 aeaut]
891 1485 928 1520 ae
946 1469 1018 1538 quid
1049 1467 1099 1541 Lg.
1117 1469 1143 1528 3.
1162 1472 1186 1524 4.
1205 1470 1248 1528 67.

201 1553 249 1607 76.
270 1553 308 1605 ita
325 1568 393 1606 corr.
412 1551 455 1605 31.
475 1552 512 1605 de
530 1568 582 1605 om.
600 1551 644 1606 65.
661 1580 699 1591 -
734 1549 838 1621 Laeli]
858 1551 953 1622 scripsi
970 1554 1117 1608 seeundum
1136 1554 1187 1626 bg.
1207 1556 1249 1611 13.

204 1638 250 1693 17,
268 1637 311 1691 65.
329 1637 369 1691 79.
389 1637 429 1691 73.
446 1636 488 1690 st.
505 1635 548 1690 86.
569 1644 596 1691 et
612 1653 722 1705 semper
738 1636 850 1702 faciam,
870 1637 998 1705 quoniam
1013 1647 1059 1692 out
1080 1639 1184 1708 plurimi
1202 1649 1250 1695 ortt

205 1729 284 1774 certe
308 1722 439 1773 bonorum
460 1721 590 1774 librorum
613 1720 696 1789 aliqui
723 1720 750 1772 in
774 1737 808 1773 ea
830 1720 964 1790 scriptura
981 1718 1167 1791 genitivorum
1187 1742 1250 1777 cort·

203 1807 319 1877 spirant.
355 1805 436 1862 ttood
460 1806 503 1859 ubi
528 1823 585 1859 non
607 1804 658 1871 fit,
682 1805 799 1858 eandem
823 1821 945 1858 normam
967 1813 1126 1875 perpetuam
1147 1807 1250 1862 babere

200 1893 275 1947 ratio
298 1909 354 1945 non
378 1897 434 1957 est,
461 1893 525 1961 qnia
549 1891 597 1945 vel
622 1890 808 1961 tenacissimos
827 1889 993 1958 antiquitatis
1012 1889 1168 1948 defensores
1186 1910 1249 1947 cou-

200 1977 303 2031 eedere
322 1984 431 2048 oportet
447 1975 530 2030 t'uisse
547 1984 669 2047 tempus,
693 1992 764 2044 quo,
787 1991 847 2028 cum
863 1991 951 2028 novus
968 1974 1101 2029 scribendi
1119 1994 1176 2031 mos
1194 1978 1247 2050 pri-

199 2080 272 2116 mnm
288 2062 315 2114 in
330 2079 408 2115 usum
419 2061 544 2127 veniret,
563 2062 634 2114 inter
648 2069 790 2129 utrumque
803 2059 997 2132 ambigeretur,
1014 2077 1074 2117 curn
1087 2064 1246 2131 pratesertim

192 2149 343 2226 ‘doctorum
368 2147 506 2199 dissensus
531 2153 605 2200 esset
629 2146 736 2215 (Varro
760 2145 831 2199 enim
849 2149 862 2198 i
878 2153 1045 2199 contractum
1063 2145 1246 2217 vituperabat,

143 2225 149 2228 ’
198 2219 229 2287 tr.
248 2233 350 2287 enas.
369 2230 389 2285 r.
403 2230 447 2284 aa.
467 2229 548 2293 oron,
567 2230 604 2284 aa
621 2230 654 2285 a.
667 2229 701 2284 a.
720 2248 746 2300 p.
759 2229 898 2285 xxxvii.
920 2238 948 2285 a
965 2231 1055 2301 aa),
1080 2239 1106 2284 a
1125 2233 1188 2302 quta
1207 2233 1245 2286 a.

196 2318 360 2388 scriptiones
384 2315 537 2368 sunt-satis
561 2315 681 2369 novitiae
707 2332 788 2368 unum
808 2319 821 2369 t
839 2323 1026 2371 monstrantes.
1060 2315 1246 2373 Constantium

196 2412 293 2457 antem
314 2398 402 2451 iubis
421 2399 545 2450 codicum
565 2415 618 2452 non
639 2418 698 2454 esse
718 2400 837 2456 ostendit
854 2399 1006 2458 Frenndius
1028 2401 1063 2453 ad
1080 2398 1141 2460 Mii.
1163 2418 1188 2470 p.
1210 2401 1245 2466 1.,

200 2502 267 2538 cnm
291 2482 453 2535 contrarium
476 2482 675 2550 pronuntinsset
694 2485 852 2538 Wunderus
876 2502 902 2554 p.
925 2482 1068 2551 XXXVi.,
1092 2502 1246 2553 quanquam

199 2571 232 2623 in
258 2567 332 2621 libris
354 2574 465 2636 reperta
488 2565 523 2618 ab
548 2564 692 2623 editoribus
712 2569 807 2639 sperni
828 2568 911 2621 solita
933 2566 1028 2621 videos
1051 2584 1086 2622 ex
1107 2567 1177 2621 Maii
1200 2569 1246 2621 ed·

196 2652 342 2709 Ciceronis
363 2651 398 2704 de
414 2649 580 2720 Republica,
602 2651 628 2706 in
653 2669 706 2722 qua
731 2654 781 2709 nisi
807 2652 834 2704 in
854 2649 911 2704 fine
927 2649 987 2703 iibri
1005 2650 1082 2719 primi
1107 2651 1247 2720 legeretur

197 2737 244 2794 M.
257 2736 335 2792 Tatta
347 2735 513 2800 Ciceronis,
532 2753 568 2790 ne
586 2738 729 2809 vestigium
747 2735 855 2806 quidem
873 2735 931 2788 eius
948 2734 1099 2804 scripturae
1117 2742 1250 2819 exstaret⁹

194 2825 263 2878 item
283 2840 317 2876 ex
336 2822 473 2875 annotatis
492 2821 711 2876 Drakenborcbii
734 2823 771 2876 ad
792 2821 852 2881 Liv,
872 2818 1025 2877 XXXViH.
1047 2818 1095 2886 98,
1114 2820 1137 2874 7.
1159 2820 1246 2876 ,Heu-

195 2908 299 2979 singeri
321 2908 356 2960 ad
380 2905 433 2962 Off.
457 2925 482 2976 p.
502 2907 553 2960 364
573 2915 601 2960 et
618 2906 677 2961 416.
700 2908 760 2977 Zpt.
797 2907 871 2964 Rara
887 2923 955 2961 sane
971 2913 1034 2961 surrt
1051 2905 1078 2958 in
1096 2906 1245 2978 inscriptio·

196 2994 293 3058 nibus,
319 2992 398 3061 quale
424 2998 466 3044 est
491 2991 577 3046 Accii
604 3008 644 3045 nr.
665 2991 740 3054 1164.
766 2991 824 3045 tl.
850 3009 876 3060 p.
896 2991 946 3043 254
967 2988 1016 3045 01¹.
1057 2990 1120 3045 Nec
1142 2990 1154 3045 1
1178 2992 1245 3046 iilud

194 3077 286 3132 maius
309 3076 397 3145 (velut
413 3075 499 3144 neci)
521 3075 716 3129 contractionis
733 3074 888 3151 significans
907 3085 955 3130 est.
991 3074 1063 3130 Nom
1081 3084 1108 3131 ct
1125 3075 1149 3129 11
1170 3076 1246 3130 iuxta

197 3162 289 3235 posita
305 3162 491 3231 reperiuntur,
512 3170 541 3214 ut
560 3159 683 3213 cunum!
703 3179 729 3232 p.
747 3161 790 3226 25,
811 3162 849 3217 11.
868 3159 967 3215 assuri
990 3178 1015 3229 p.
1029 3159 1072 3226 96,
1085 3162 1109 3217 4.
1130 3160 1242 3215 uosruls

197 3267 226 3319 p.
248 3246 291 3312 29,
311 3246 350 3300 13.
376 3254 471 3303 contra
490 3243 590 3301 nosris
616 3262 643 3314 p.
662 3245 706 3311 30,
724 3245 766 3309 23
790 3254 818 3299 et
838 3250 851 3298 i
869 3245 978 3302 brevius
1002 3245 1029 3298 in
1050 3245 1244 3308 contractione,

196 3340 229 3385 ut
248 3348 336 3383 verri
359 3349 385 3401 p.
404 3329 448 3394 33,
465 3329 489 3383 5.
515 3348 574 3381 ποι
593 3347 781 3385 suspensas
804 3349 830 3400 p.
851 3330 892 3395 79,
910 3330 934 3384 5.
958 3347 1067 3386 cairus
1092 3347 1118 3399 p.
1142 3329 1197 3383 113.
1213 3329 1241 3383 ,1.

199 3433 336 3469 arrarum
360 3415 397 3468 ib.
415 3414 458 3478 n.;
489 3414 553 3482 quin
576 3413 587 3467 1
606 3415 690 3468 maius
710 3415 776 3469 iilud
797 3432 851 3468 non
868 3415 950 3467 modo
969 3414 1172 3484 productionem
1189 3414 1243 3484 syl·

173 3522 179 3529 ·
195 3502 278 3555 labae
295 3501 410 3563 indicat,
432 3508 461 3551 ut
481 3498 508 3552 in
528 3498 641 3551 classus
661 3516 700 3554 nr.
719 3498 795 3553 4866.
814 3517 840 3568 p,
854 3498 905 3552 355
923 3508 941 3559 t,
955 3499 973 3557 ,1
995 3497 1043 3554 Or.
1064 3498 1242 3553 cnsnnsrhro

196 3603 225 3658 p.
251 3585 299 3651 18,
318 3585 343 3639 3.
383 3582 505 3637 cvsronl
531 3601 557 3654 p.
577 3583 623 3649 19,
642 3583 667 3637 6.
704 3583 806 3641 trucul
832 3603 857 3653 p.
876 3583 923 3650 94,
942 3583 983 3638 lit.
1017 3583 1081 3636 nlvr
1105 3601 1130 3653 p.
1150 3582 1241 3648 32,1.

195 3669 306 3722 cunina
324 3669 366 3734 49,
384 3668 408 3722 3.
431 3667 548 3732 Graev.;
572 3669 623 3721 sed
641 3685 726 3739 saepe
746 3668 826 3725 etiam
844 3668 872 3721 in
890 3677 1017 3738 correpta
1033 3686 1064 3723 sc
1081 3668 1176 3734 offert,
1195 3685 1241 3720 ve·

194 3756 236 3808 int
260 3752 390 3807 rruulois
413 3761 441 3806 et
458 3751 642 3807 avonschnvu
668 3752 694 3805 in
714 3762 887 3809 monumento
905 3754 1052 3823 Ancyruno
1070 3753 1129 3821 ipso
1148 3754 1240 3823 legun«

193 3849 246 3893 tun
264 3869 300 3879 -
324 3855 426 3891 uereor
442 3836 489 3909 ut]
507 3855 610 3892 uereor
626 3854 666 3891 aa
682 3837 733 3909 Lg.
752 3836 769 3889 9
786 3854 843 3892 var.
863 3836 959 3901 baud,
978 3836 1052 3906 quod
1070 3838 1155 3890 estin
1174 3836 1238 3889 xix

192 3924 274 3983 codd.
299 3922 367 3994 ng„
402 3938 516 3991 qnorum
541 3932 604 3977 sunt
629 3922 668 3977 13.
692 3921 734 3977 65.
756 3921 798 3977 67.
818 3921 861 3978 69.
881 3922 922 3977 76.
942 3922 982 3976 73.
1004 3920 1044 3973 76.
1080 3920 1142 3973 itant
1166 3921 1236 3973 Vict.

192 4008 247 4067 Gn.
265 4009 290 4062 3.
327 4013 381 4065 auc
409 3997 445 4061 U.
468 4005 519 4078 Lg.
539 4007 564 4065 5.
587 4006 628 4062 15.
652 4014 767 4076 uterquc
792 4023 860 4061 corr.
886 4005 974 4059 baud.
1012 4003 1084 4059 baut
1110 4004 1144 4056 39
1166 4020 1235 4056 corr.

193 4092 283 4148 baud.
321 4092 389 4146 inde
407 4091 488 4147 etiam
506 4109 629 4164 possum
645 4090 698 4161 bg.
718 4092 742 4146 3.
762 4092 779 4145 5
796 4107 865 4146 corr.
888 4090 917 4144 6..
934 4089 980 4143 13.
996 4087 1036 4142 14.
1058 4087 1146 4141 1321
1167 4099 1235 4141 eorr.
