2968 4596
269 339 403 423 u,
520 372 525 379 ψ
665 327 924 407 orcnuonrs
1032 340 1069 399 ῃ

269 506 311 571 sit
335 500 546 589 eloquentium
567 500 751 587 paucitatis,
784 519 879 586 quom
904 519 944 568 ex
968 501 1010 566 iis
1036 497 1131 566 rebus
1158 500 1315 568 universis

270 620 457 707 eloquentia
477 628 611 695 constet,
639 619 672 684 in
699 617 811 704 quobus
838 616 973 702 singulis
998 617 1166 684 elaborare
1191 638 1316 705 perma-

268 758 365 824 guum
385 748 450 815 est,
471 733 688 822 hortemurque
709 737 812 822 potius
833 734 952 802 liberos
973 745 1098 802 nostros
1121 746 1316 822 ceterosque,

270 875 401 943 quornm
426 853 530 938 gloria
555 850 648 918 nobis
676 861 708 919 et
734 851 871 937 dignitas
899 870 977 918 cara
1001 863 1063 930 est,
1088 863 1122 919 ut
1143 854 1246 920 animo
1267 855 1317 919 rei

270 971 514 1058 magnitudinem
553 969 797 1057 complectantur
829 989 938 1055 ,neque
974 972 1022 1035 eis
1056 979 1110 1036 aut
1140 972 1317 1058 praeceptis

271 1090 505 1174 autmagistris
529 1094 581 1153 aut
603 1085 894 1165 exercitationibus,
919 1085 1031 1184 quibus
1051 1097 1175 1153 utuntur
1197 1107 1315 1165 omnes,

272 1209 330 1275 sed
352 1207 426 1273 aliis
448 1203 634 1292 quibusdam
656 1222 691 1271 se
713 1204 766 1281 id·
782 1203 865 1290 quod
878 1214 1035 1291 expetunt,
1057 1207 1208 1292 consequi
1220 1225 1317 1291 posse

272 1324 439 1392 confidunt.

41 1468 67 1559 κς.
82 1498 105 1523 4,
141 1459 262 1526 *ann
282 1476 333 1539 ‚pb
356 1438 408 1529 Vl.
434 1440 486 1505 20.
503 1436 563 1529 Ac
580 1456 652 1503 mea
674 1437 799 1524 quidem
819 1439 975 1505 sententia
994 1458 1086 1506 nemo
1107 1439 1220 1527 poterit
1242 1459 1316 1507 asse

270 1559 356 1628 omni
385 1556 479 1622 laude
513 1555 686 1652 cumulatus
718 1565 838 1633 orator,
871 1557 935 1621 nisi
965 1560 1027 1638 erit,
1052 1558 1187 1623 omnium
1213 1576 1318 1623 rernm

271 1694 455 1761 magnarum
482 1683 573 1759 atque
601 1674 713 1738 artium
741 1675 905 1738 scientiam
931 1683 1128 1741 consecutus.
1169 1670 1316 1740 Etenim

272 1812 441 1862 erronum
466 1792 645 1875 cognitione
672 1788 851 1856 efflorescat
876 1800 907 1856 et
930 1790 1081 1869 redundet
1101 1800 1222 1878 oportet
1242 1811 1318 1857 ora-

223 1922 238 1942 ‘
270 1915 332 1980 tio:
355 1929 436 1995 quae
457 1909 521 1974 nisi
542 1909 604 1973 sint
624 1907 664 1973 ab
683 1917 807 1973 oratore
822 1917 969 1994 percepta
983 1916 1013 1973 et
1028 1911 1168 1993 cognita,
1191 1910 1317 1976 1000010

272 2128 325 2183 Gn.
345 2126 368 2179 l.
388 2121 559 2179 1001103.
582 2123 690 2177 iisdem
712 2123 763 2195 Lg.
780 2122 822 2177 63.
844 2153 880 2166 -
905 2127 937 2177 tn
954 2122 1071 2195 quibos]
1095 2126 1135 2179 sic
1151 2124 1318 2180 invertenda

271 2211 360 2266 verba
379 2227 413 2263 en
431 2207 482 2279 Lg.
499 2208 578 2273 XXu,
599 2208 626 2260 in
644 2207 742 2278 quibos
761 2207 826 2261 boni
844 2218 1034 2281 ornnessnnt,
1053 2218 1080 2263 et
1098 2208 1159 2263 066.
1179 2211 1263 2279 antiq.
1279 2238 1317 2250 --

272 2295 377 2365 ceteri]
396 2311 431 2347 oe
447 2293 497 2363 lngo
517 2291 618 2345 1376.
638 2308 673 2343 oc
691 2290 743 2362 Lg.
761 2291 809 2346 Xi.
827 2320 864 2334 ·-
885 2293 972 2363 coro]
992 2309 1082 2346 carue
1101 2292 1152 2364 Lg.
1172 2293 1211 2347 15.
1231 2294 1319 2348 codis

272 2397 345 2435 cara
362 2379 404 2433 76.
423 2408 459 2420 -
482 2374 726 2447 complectantur]
746 2375 839 2448 coppi.
856 2375 907 2448 Lg.
924 2377 942 2430 7
959 2394 1031 2430 corr.
1049 2377 1264 2450 amplectamur
1280 2377 1318 2432 69

271 2483 345 2519 corr.
362 2459 631 2535 000010010010074
647 2477 719 2513 corr.
735 2460 832 2514 86.’-
855 2460 911 2531 ets]
928 2461 979 2532 ng.
996 2461 1023 2514 7.
1043 2460 1083 2515 13.
1103 2463 1144 2514 14.
1163 2462 1202 2515 15.
1219 2461 1263 2516 761
1280 2461 1317 2515 37

270 2543 1317 2617 0033693.11100110311021118.3.4ι5.6.16.17.71.65.67.63.

271 2636 313 2689 76.
333 2634 375 2687 73.
394 2633 428 2686 76
446 2648 518 2684 corr.
536 2630 580 2684 84.
598 2628 642 2683 86.
662 2629 715 2684 Gu.
736 2628 761 2685 l.
780 2647 836 2684 uon
855 2631 984 2684 deterius.
1003 2658 1039 2670 -
1064 2647 1097 2683 sc
1113 2629 1160 2700 td]
1181 2647 1235 2687 om.
1254 2631 1280 2685 7.
1297 2633 1316 2684 4

270 2719 333 2773 066.
355 2717 396 2771 13.
415 2715 449 2770 37
466 2715 529 2769 066.
550 2714 593 2767 36.
612 2713 645 2766 76
663 2713 727 2767 066.
1096 2732 1098 2735 ’
1303 2746 1305 2753 .

355 2802 403 2855 Vt.
438 2799 481 2854 76.
517 2796 613 2866 omni]
635 2801 668 2850 10
687 2801 770 2851 omui
784 2798 858 2854 Vict.
876 2815 1055 2870 mapparum
1072 2799 1173 2870 utque]
1190 2815 1316 2871 mopten-

270 2903 394 2956 rache
410 2883 461 2954 ug.
480 2881 523 2936 93.
540 2910 577 2924 -
594 2880 788 2951 0000000100]
808 2889 1002 2954 consequutus
1019 2883 1070 2954 Ing.
1091 2884 1131 2937 17.
1149 2884 1193 2938 65.
1210 2884 1314 2938 7081.

269 2990 324 3026 000
341 2989 361 3024 0
378 2969 421 3024 81.
440 2995 477 3007 -
512 2972 541 3018 et
559 2962 652 3033 enim]
671 2966 710 3018 sic
728 2966 819 3020 scribo
838 2966 953 3037 ubique3
979 2967 1023 3020 hic
1041 2984 1077 3021 ex
1094 2967 1145 3038 ng.
1162 2967 1188 3021 7.
1208 2967 1250 3021 76.
1268 2967 1313 3021 84.

268 3057 312 3109 86.
331 3055 383 3109 Gn.
394 3054 417 3106 1.
431 3080 468 3093 ·-
491 3047 674 3120 efflorescat]
691 3050 833 3120 florescat
846 3051 882 3106 U.
894 3050 946 3122 Lg.
959 3050 984 3105 7.
998 3054 1015 3104 4
1028 3069 1100 3106 corr.
1116 3061 1146 3104 nt
1161 3052 1205 3105 81.
1220 3051 1314 3105 1315.

269 3138 304 3193 37
317 3157 388 3192 corr.
401 3136 444 3189 36.
458 3135 492 3187 76
503 3150 575 3186 corr.
594 3133 762 3203 cflorcooot,
782 3134 834 3188 Gn.
849 3136 875 3189 3.
892 3142 922 3188 et
936 3136 1078 3206 florescat
1094 3135 1145 3206 hg.
1158 3135 1197 3189 81.
1221 3135 1273 3189 Gru
1289 3135 1314 3189 1.

269 3223 342 3276 Vict.
378 3217 490 3275 Excidit
506 3216 544 3284 ef
555 3226 670 3287 propter
687 3236 703 3270 e
720 3220 846 3288 proxime
863 3220 1041 3289 praecedens.
1058 3247 1095 3260 --
1119 3223 1182 3273 reici
1197 3223 1258 3273 siat
1275 3219 1314 3273 ab

271 3303 406 3374 oratore]
430 3303 484 3355 Aut
507 3302 547 3354 sic
569 3310 616 3371 out
638 3304 679 3354 sit
701 3301 781 3356 codd.
802 3319 911 3369 omnes,
936 3312 1048 3373 praeter
1067 3304 1105 3358 U.
1123 3304 1150 3358 d.
1170 3304 1202 3357 Z.
1221 3322 1261 3370 ε.,
1287 3304 1317 3357 in

270 3389 368 3460 quibus
386 3393 476 3441 exstat
496 3384 569 3450 otto,
592 3386 642 3440 sed
663 3387 745 3440 etiam
764 3386 806 3453 hi,
830 3396 859 3442 ut
876 3385 928 3458 ng.
947 3405 1041 3441 omncs
1060 3398 1087 3442 et
1106 3387 1200 3442 (10.7.
1230 3387 1315 3454 vict„

269 3475 396 3528 omittunt
419 3489 476 3526 res.
513 3469 580 3524 inde
603 3470 749 3524 manifesta
769 3471 970 3525 correctionum
991 3471 1090 3525 audeat
1109 3490 1172 3535 res,
1197 3488 1279 3541 quam
1299 3489 1318 3525 a

268 3558 412 3630 Stephano
441 3555 576 3627 prolatam
608 3563 691 3625 puto,
722 3563 750 3608 et
778 3554 872 3609 cubedi
895 3573 957 3620 rea,
988 3555 1063 3627 quod
1083 3555 1180 3611 Lomb.
1210 3557 1316 3622 uveni,

269 3645 347 3716 urigo
366 3650 451 3714 patet.
475 3639 540 3694 Non
559 3639 727 3692 intellectum
744 3648 800 3704 est,
820 3657 838 3692 a
854 3641 964 3693 nornine
982 3658 1031 3693 res
1047 3642 1158 3695 transiri
1175 3640 1211 3693 od
1228 3656 1315 3711 genus

269 3727 438 3800 pronominis
458 3732 591 3776 neutrum.
627 3722 664 3774 At
684 3723 748 3776 vide
765 3722 897 3793 Heusing.
916 3724 953 3776 ad
968 3721 1024 3778 011.
1042 3723 1078 3778 11.
1097 3727 1128 3790 4,
1145 3725 1172 3779 3.
1192 3725 1223 3790 5,
1243 3725 1267 3777 7.
1287 3733 1316 3778 et

269 3811 402 3880 exemplis
420 3806 455 3860 ab
473 3823 507 3858 00
526 3806 617 3858 allatis
634 3805 706 3859 adde
723 3806 802 3877 ch.‘
813 3806 833 3862 1.
853 3807 902 3873 36,
921 3826 948 3877 p.
969 3808 1018 3861 173
1040 3807 1098 3862 Mr.
1115 3808 1153 3863 N.
1166 3808 1205 3863 D.
1218 3806 1251 3861 11.
1270 3806 1316 3875 34,

268 3895 312 3967 87.
348 3893 435 3946 Plura
452 3886 568 3941 oliorum
587 3890 751 3957 scriptorum
769 3890 872 3944 dabunt
889 3890 1032 3945 Drakenb.
1052 3892 1169 3947 od'Liv.
1182 3890 1315 3947 XXXIV.

268 3976 317 4041 58,
334 3977 361 4027 4.
381 3973 487 4041 Wopk.
511 3969 601 4024 Lectt.
620 3972 744 4028 701111.
763 3974 788 4027 7.
814 3973 903 4032 Kritn.
928 3976 963 4029 66
985 3976 1053 4029 8011.
1070 3974 1129 4047 lug.
1154 3995 1182 4046 p.
1199 3976 1260 4030 735.
1278 4004 1317 4018 -

269 4056 474 4126 elocutionem]
492 4071 551 4125 pua
568 4054 619 4127 Lg.
627 4056 671 4112 65.
682 4057 725 4114 76.
746 4057 943 4129 eloquentum
964 4061 1004 4116 14.
1024 4060 1065 4119 15.
1082 4060 1123 4117 17.
1138 4061 1182 4117 84.
1202 4059 1307 4131 quand

271 4143 341 4201 eloc.
361 4139 448 4197 tader
462 4140 506 4197 76.
528 4178 531 4184 ,
954 4190 957 4195 ,
1300 4166 1305 4171 ·

434 4265 463 4317 Ὦ
