2942 4608
283 363 288 369 -
392 332 452 399 nr
479 327 708 400 oonroan
735 329 861 401 unna
881 329 919 399 u.
940 332 993 400 ao.
1079 416 1083 427 ¹
1130 335 1216 411 nm

168 502 398 580 solutumst,
431 501 489 568 sod
515 486 808 585 magis'ueuustati.
855 499 928 567 iffi.
960 498 1052 579 Quod
1079 502 1109 566 ai
1134 502 1214 581 uilfl
1275 522 1279 533 ·

66 618 72 623 ’
169 625 296 699 luisset,
317 622 393 688 uisi:
416 621 458 686 ln
477 623 581 702 196616
597 622 706 701 posito
725 628 785 693 est,
806 628 912 685 tamon
932 638 985 685 ras
1006 627 1073 685 tota
1094 638 1213 704 coguo-

168 743 218 808 aoi
244 738 339 807 facilc
364 739 526 825 potuisset.
574 734 642 801 Sed
670 727 926 803 ot’iootivitatcm
951 734 1045 803 habet
1071 739 1212 806 narratio
1330 824 1333 833 Δ

167 858 315 925 distincta
339 857 484 943 personis
512 865 543 921 ct
567 856 762 941 interpuncta
788 852 984 920 sermonibus
1009 864 1040 920 ot
1066 864 1115 921 ost
1139 875 1213 943 pro-

168 974 321 1052 babilius,
348 973 580 1058 quongestum
606 972 807 1049 ossodioas‚
834 992 926 1058 quom
954 973 1213 1058 quemadmodum

169 1101 271 1158 actum
297 1092 339 1156 sit
364 1107 519 1175 exponas,
551 1097 582 1153 et
607 1088 702 1156 multo
729 1091 868 1175 apertius
901 1089 943 1154 ad
968 1088 1212 1175 intellegendum

166 1220 231 1287 ost,
265 1209 293 1273 si
324 1209 346 1285 †
374 1207 570 1272 constituitur
600 1205 769 1292 aliquando
802 1226 841 1273 ao
873 1226 937 1273 nou
967 1207 1030 1273 ista
1058 1184 1212 1275 bmvitata

167 1326 366 1413 percurritur.
415 1323 490 1388 329.
521 1326 671 1409 Aponon
698 1326 780 1390 cuim
806 1322 1019 1393 narrationem
1049 1334 1114 1390 tam
1139 1344 1212 1419 osso

168 1451 290 1529 oportet
313 1459 405 1526 quam
420 1449 544 1517 cotorn3
566 1440 624 1504 aod
643 1439 704 1507 hoo
726 1443 828 1525 magis
849 1445 883 1507 in
903 1441 964 1508 luno
986 1440 1214 1508 elaborandum
1236 1508 1242 1519 ,

167 1570 232 1637 cst,
255 1559 339 1645 quod
359 1532 390 1623 ot
411 1556 571 1622 ditfioilius
593 1566 643 1622 ost
661 1576 726 1623 nou
746 1577 819 1624 osso
840 1558 1006 1625 obscurum
1027 1561 1061 1626 in
1081 1579 1116 1626 rc
1138 1579 1214 1627 uar-

147 1676 285 1752 rauna,
316 1694 409 1760 quam
436 1684 490 1740 aut
515 1675 563 1738 in'
575 1675 727 1760 principio
755 1684 820 1740 aot
834 1676 867 1739 iu
895 1686 1076 1759 argumento
1103 1686 1156 1742 ant
1180 1679 1214 1742 in

169 1792 362 1882 perorand03
388 1801 419 1858 ot
446 1770 565 1859 maiore
587 1793 682 1857 otiam
702 1791 844 1878 periculo
864 1790 945 1859 hano
965 1812 1041 1879 pars
1061 1795 1215 1878 orationis

169 2028 364 2084 1161666624.
399 2045 493 2098 quam
516 2025 551 2083 69
570 2043 641 2080 corr.
666 2034 696 2090 ut
718 2026 744 2082 3.
781 2027 900 2097 quando
921 2028 964 2083 93.
988 2045 1039 2084 om.
1059 2029 1154 2087 Lamb.
1180 2063 1211 2074 -
1322 2008 1324 2013 Ι
1374 2010 1376 2014 ⁵
1432 1994 1440 2013 .=

169 2115 316 2188 apertius]
335 2119 438 2188 aptius
454 2113 503 2185 Lg.
518 2112 543 2168 3.
558 2112 600 2181 23.
620 2110 662 2166 69.
682 2111 724 2167 81.
742 2112 786 2167 93.
803 2142 840 2183 *··.
858 2112 1097 2185 intellcpendum]
1114 2117 1212 2188 acrlpal

169 2217 205 2252 cn
224 2197 273 2270 [lg
288 2200 329 2254 13.
345 2199 385 2255 17.
399 2199 443 2252 36.
460 2227 496 2242 ·-
513 2199 574 2265 est]
594 2215 648 2252 orn.
667 2197 716 2268 ug.
731 2197 757 2252 2.
771 2198 796 2251 5.
818 2198 859 2252 14.
880 2198 920 2253 16.
936 2198 976 2255 17.
995 2199 1037 2255 26.
1053 2200 1095 2255 21.
1109 2202 1152 2257 23.
1168 2204 1211 2261 24.

167 2285 211 2339 65.
229 2284 273 2339 67.
290 2283 333 2337 69.
352 2283 394 2338 76.
414 2282 456 2338 73.
477 2281 519 2336 76.
540 2282 583 2336 81.
594 2281 644 2343 93.
662 2312 697 2320 -
724 2287 753 2335 si
770 2285 970 2351 constituitur]
992 2288 1021 2337 si
1039 2288 1213 2340 consistitur
1249 2288 1252 2297 '

160 2368 266 2423 *Lamln
292 2375 320 2421 et
344 2384 380 2419 cx
403 2365 567 2434 Heusingeri
589 2366 750 2419 coniectura
769 2365 834 2421 Sch.
857 2366 957 2419 Muoll.
981 2365 1030 2421 (lt.
1055 2367 1140 2423 llcnr.
1181 2369 1213 2424 ln
1244 2382 1247 2387 '

169 2450 257 2506 verbo
281 2453 473 2503 constituitur
493 2448 556 2500 libri
574 2457 602 2500 ct
619 2447 682 2504 edu
700 2456 767 2502 vett.
785 2451 958 2518 conspirant,
985 2451 1036 2502 uisi
1055 2452 1128 2520 quod
1147 2469 1214 2507 con·

130 2546 134 2553 ‘
170 2538 271 2590 stituit
287 2534 337 2605 Lg.
355 2532 397 2588 21.
425 2535 568 2586 constitui
583 2531 616 2585 76
634 2550 719 2599 corn,
744 2536 773 2586 si
794 2538 885 2586 autam
907 2549 960 2586 om.
983 2533 1045 2587 Pau.
1064 2535 1088 2589 1.
1106 2534 1131 2592 2.
1155 2536 1213 2595 1161.

170 2621 223 2677 Gn.
240 2620 282 2687 3.,
303 2623 362 2683 sic,
382 2617 457 2688 quod
473 2617 686 2686 sequebaturiu
704 2620 839 2688 scriptura
855 2618 982 2688 vulgata,
1007 2635 1061 2672 our.
1079 2619 1169 2676 floron.
1190 2622 1214 2678 1.

171 2705 246 2760 Pitlr.
265 2703 377 2763 Merum.
397 2704 427 2757 Z.
448 2701 499 2774 Lg.
518 2700 543 2756 2.
562 2703 587 2756 4.
609 2702 649 2757 13.
669 2702 712 2758 32.
730 2702 772 2758 36.
805 2707 846 2757 sit
869 2720 921 2773 pro
937 2720 974 2756 co
992 2701 1094 2756 liabent
1113 2703 1152 2759 16.
1171 2704 1214 2762 21.

170 2791 212 2845 76.
231 2790 290 2857 73.,
316 2798 447 2861 (166661
469 2787 542 2841 mala
563 2789 666 2857 scripto
689 2797 736 2843 aut
759 2787 899 2841 intellecto
925 2792 953 2842 si
974 2771 1121 2846 llux'eruut
1158 2791 1216 2847 Scul
1307 2798 1312 2824 ⁴

169 2877 362 2931 constituitur
373 2873 459 2927 miuus
470 2872 535 2927 milti
549 2873 658 2942 quidem
670 2873 805 2945 displicet,
824 2889 903 2944 quam
917 2875 1097 2931 consistitur.
1117 2875 1150 2932 V.
1169 2893 1216 2933 ex·

170 2960 340 3031 plicatiouea

255 3061 315 3117 329.
351 3062 442 3128 enim]
460 3066 562 3114 nutem
580 3058 630 3131 Lg.
648 3059 690 3115 67.
708 3088 744 3101 -
768 3061 878 3129 cetera]
897 3065 1012 3114 cetoros
1029 3060 1100 3116 vict.
1120 3061 1172 3118 Gn.
1187 3062 1212 3120 3.

171 3151 286 3200 ceteras
304 3149 450 3201 orationis
465 3150 569 3218 parics
586 3144 681 3201 bamb.
694 3175 729 3184 —
748 3144 814 3214 hoc]
826 3149 865 3199 tn
882 3143 937 3198 ltoc
954 3145 1004 3216 Lg'.
1023 3163 1119 3200 omues
1137 3165 1215 3218 prac-

171 3238 215 3285 ter
231 3231 263 3284 81
283 3248 322 3301 pr.
341 3247 393 3296 m,
417 3240 444 3285 et
461 3230 513 3286 Go.
532 3229 558 3286 3.
579 3262 610 3273 -
638 3230 862 3305 elaborandum]
881 3229 1079 3285 laborandum
1102 3231 1152 3303 hg.
1171 3233 1213 3289 24.

170 3315 213 3371 35.
231 3315 275 3370 65.
295 3347 326 3357 -
354 3319 386 3369 tn
400 3317 568 3388 pritwipio]
592 3319 624 3369 in
646 3332 699 3370 om.
719 3315 770 3387 Lg.
788 3315 813 3370 2.
832 3317 857 3368 4.
878 3315 904 3369 6.
925 3315 965 3369 13.
987 3314 1022 3367 32
1040 3315 1102 3370 odd.
1118 3316 1162 3372 36.
1178 3346 1215 3359 —-

172 3402 358 3472 arpunucnto]
371 3400 606 3471 arpumentuudo
618 3399 713 3455 Lamb.
726 3415 794 3454 sana
805 3398 941 3470 probabili
950 3400 1115 3457 coniectura.
1134 3401 1214 3457 codd.

170 3481 255 3539 Bakii
277 3488 308 3539 tn
321 3486 497 3558 promotuum,
523 3485 598 3555 quod
619 3480 715 3538 vitium
739 3502 775 3538 ex
792 3485 865 3537 malo
885 3484 1063 3543 lectolverbo
1081 3496 1216 3556 aequente

170 3578 267 3624 ortum.
308 3569 358 3623 lllc
382 3573 415 3623 tn
436 3569 588 3642 nrpueudo
611 3569 722 3623 coniicit
743 3586 905 3639 comparans
928 3585 951 3624 c.
970 3568 1019 3635 79,
1040 3570 1115 3638 323,
1141 3570 1215 3640 quoul

170 3662 258 3707 totum
283 3653 357 3706 61166
381 3662 431 3708 cst.
472 3654 543 3712 (luia
568 3656 640 3708 euim
665 3671 790 3726 orpucrc
814 3669 932 3721 unquam
955 3661 1060 3723 partem
1083 3656 1216 3709 orationis

172 3737 259 3802 dixit,
283 3745 313 3790 ut
335 3736 469 3806 principio
493 3748 540 3792 aut
557 3738 726 3809 perorationi
748 3738 957 3808 oppouarctnrt
992 3736 1023 3791 ln
1041 3744 1215 3811 arpumcnto

170 3821 294 3892 intelligo
310 3821 449 3894 poncttdo
466 3837 489 3875 a.
507 3825 701 3893 exsequendo.
721 3855 752 3864 -
781 3829 833 3876 nui
855 3826 888 3876 in
905 3823 1086 3894 perorando]
1111 3831 1165 3878 aru
1183 3827 1215 3878 in

81 3926 84 3934 ·
171 3924 225 3961 om.
243 3904 299 3977 1⁴82
312 3907 803 3977 616666[1666166314136786.
822 3909 861 3961 ita
874 3924 944 3962 corr.
962 3909 1000 3971 14.
1020 3918 1049 3962 ut
1067 3910 1215 3980 scriptores

169 3993 300 4047 librorum
323 3987 502 4061 arpumento
522 3992 691 4063 perorando
715 3994 891 4047 coniunxisse
913 3993 1068 4048 videantur.
1104 3997 1136 4048 in
1159 4008 1213 4049 om.

62 4066 66 4071 ¹
170 4078 253 4134 ctiam
274 4077 346 4131 vtro.
382 4081 436 4128 cut
456 4077 489 4128 in
504 4079 673 4147 pausando
694 4094 747 4133 orn.
768 4077 820 4132 Gn.
838 4078 863 4154 2.
900 4082 932 4133 in
950 4077 1069 4150 matio
1086 4080 1134 4143 (=
1147 4093 1215 4148 ope-

171 4161 282 4234 rantia)
299 4161 352 4219 uu.
365 4161 391 4218 3.
404 4187 440 4205 -ν-
457 4163 575 4217 maiore
590 4166 683 4217 ctiam
696 4161 843 4236 periculo]
859 4163 900 4215 sic
910 4161 990 4245 *Zaa
1003 4178 1024 4215 ε.
1038 4170 1069 4227 u.
1088 4159 1138 4228 hg.
1151 4159 1177 4213 2.
1188 4158 1214 4213 3.
