<?xml version="1.0" encoding="UTF-8"?>
<!DOCTYPE html PUBLIC "-//W3C//DTD XHTML 1.0 Transitional//EN"
    "http://www.w3.org/TR/xhtml1/DTD/xhtml1-transitional.dtd">
<html xmlns="http://www.w3.org/1999/xhtml" xml:lang="en" lang="en">
 <head>
  <title>
</title>
<meta http-equiv="Content-Type" content="text/html;charset=utf-8" />
  <meta name='ocr-system' content='tesseract 3.04.00' />
  <meta name='ocr-capabilities' content='ocr_page ocr_carea ocr_par ocr_line ocrx_word'/>
</head>
<body>
  <div class='ocr_page' id='page_1' title='image "./mtulliciceronis00ellegoog/mtulliciceronis00ellegoog_0180.png"; bbox 0 0 2980 4602; ppageno 0'>
   <div class='ocr_carea' id='block_1_1' title="bbox 416 240 1230 399">
    <p class='ocr_par' dir='ltr' id='par_1_1' title="bbox 416 240 1230 399">
     <span class='ocr_line' id='line_1_1' title="bbox 416 240 1230 399; baseline 0.016 -13"><span class='ocrx_word' id='word_1_1' title='bbox 416 318 475 386; x_wconf 83' lang='lat' dir='ltr'><strong>DE</strong></span> <span class='ocrx_word' id='word_1_2' title='bbox 504 317 734 389; x_wconf 79' lang='lat' dir='ltr'><strong>ORATORE</strong></span> <span class='ocrx_word' id='word_1_3' title='bbox 762 240 886 389; x_wconf 66' lang='lat' dir='ltr'><strong>Linus</strong></span> <span class='ocrx_word' id='word_1_4' title='bbox 907 323 930 389; x_wconf 91' lang='lat'><strong>1.</strong></span> <span class='ocrx_word' id='word_1_5' title='bbox 953 325 1004 390; x_wconf 79' lang='lat'><strong>51.</strong></span> <span class='ocrx_word' id='word_1_6' title='bbox 1141 327 1230 399; x_wconf 78' lang='lat' dir='ltr'><strong>m</strong></span> 
     </span>
    </p>
   </div>
   <div class='ocr_carea' id='block_1_2' title="bbox 184 489 1233 812">
    <p class='ocr_par' dir='ltr' id='par_1_2' title="bbox 184 489 1233 812">
     <span class='ocr_line' id='line_1_2' title="bbox 184 489 1232 578; baseline 0.004 -25"><span class='ocrx_word' id='word_1_7' title='bbox 184 507 291 553; x_wconf 88' lang='lat' dir='ltr'><strong>rerum</strong></span> <span class='ocrx_word' id='word_1_8' title='bbox 320 489 457 559; x_wconf 35' lang='lat' dir='ltr'><strong>omnium,</strong></span> <span class='ocrx_word' id='word_1_9' title='bbox 483 499 626 555; x_wconf 81' lang='lat' dir='ltr'><strong>naturam</strong></span> <span class='ocrx_word' id='word_1_10' title='bbox 659 511 763 563; x_wconf 88' lang='lat' dir='ltr'><strong>mores</strong></span> <span class='ocrx_word' id='word_1_11' title='bbox 789 490 945 557; x_wconf 89' lang='lat' dir='ltr'><strong>homiuum</strong></span> <span class='ocrx_word' id='word_1_12' title='bbox 973 501 1065 578; x_wconf 88' lang='lat' dir='ltr'><strong>atque</strong></span> <span class='ocrx_word' id='word_1_13' title='bbox 1093 494 1232 559; x_wconf 83' lang='lat' dir='ltr'><strong>rationes</strong></span> 
     </span>
     <span class='ocr_line' id='line_1_3' title="bbox 184 598 1233 694; baseline 0.005 -25"><span class='ocrx_word' id='word_1_14' title='bbox 184 607 310 691; x_wconf 88' lang='lat' dir='ltr'><strong>penitus</strong></span> <span class='ocrx_word' id='word_1_15' title='bbox 336 608 541 691; x_wconf 81' lang='lat' dir='ltr'><strong>perspexerit,</strong></span> <span class='ocrx_word' id='word_1_16' title='bbox 575 608 608 671; x_wconf 88' lang='lat' dir='ltr'><strong>in</strong></span> <span class='ocrx_word' id='word_1_17' title='bbox 640 598 701 693; x_wconf 86' lang='lat' dir='ltr'><strong>quo</strong></span> <span class='ocrx_word' id='word_1_18' title='bbox 727 607 928 694; x_wconf 80' lang='lat' dir='ltr'><strong>philosophia</strong></span> <span class='ocrx_word' id='word_1_19' title='bbox 959 611 999 675; x_wconf 91' lang='lat' dir='ltr'><strong>sit</strong></span> <span class='ocrx_word' id='word_1_20' title='bbox 1031 610 1149 675; x_wconf 84' lang='lat' dir='ltr'><strong>oratori</strong></span> <span class='ocrx_word' id='word_1_21' title='bbox 1176 628 1233 674; x_wconf 89' lang='lat' dir='ltr'><strong>ne-</strong></span> 
     </span>
     <span class='ocr_line' id='line_1_4' title="bbox 186 724 1232 812; baseline 0.002 -24"><span class='ocrx_word' id='word_1_22' title='bbox 186 724 330 788; x_wconf 85' lang='lat' dir='ltr'><strong>cessario</strong></span> <span class='ocrx_word' id='word_1_23' title='bbox 352 724 570 809; x_wconf 77' lang='lat' dir='ltr'><strong>percipienda:</strong></span> <span class='ocrx_word' id='word_1_24' title='bbox 599 744 659 809; x_wconf 92' lang='lat' dir='ltr'><strong>quo</strong></span> <span class='ocrx_word' id='word_1_25' title='bbox 682 726 715 789; x_wconf 86' lang='lat' dir='ltr'><strong>in</strong></span> <span class='ocrx_word' id='word_1_26' title='bbox 736 725 839 791; x_wconf 89' lang='lat' dir='ltr'><strong>studio</strong></span> <span class='ocrx_word' id='word_1_27' title='bbox 853 726 1017 809; x_wconf 87' lang='lat' dir='ltr'><strong>hominum</strong></span> <span class='ocrx_word' id='word_1_28' title='bbox 1038 746 1160 812; x_wconf 91' lang='lat' dir='ltr'><strong>quoque</strong></span> <span class='ocrx_word' id='word_1_29' title='bbox 1182 728 1232 790; x_wconf 91' lang='lat' dir='ltr'><strong>in-</strong></span> 
     </span>
    </p>
   </div>
   <div class='ocr_carea' id='block_1_3' title="bbox 77 830 1232 927">
    <p class='ocr_par' dir='ltr' id='par_1_3' title="bbox 77 830 1232 927">
     <span class='ocr_line' id='line_1_5' title="bbox 77 830 1232 927; baseline 0.004 -23"><span class='ocrx_word' id='word_1_30' title='bbox 77 917 82 924; x_wconf 32' lang='lat'><em>,</em></span> <span class='ocrx_word' id='word_1_31' title='bbox 142 830 152 837; x_wconf 66' lang='grc'><strong>”</strong></span> <span class='ocrx_word' id='word_1_32' title='bbox 184 841 477 922; x_wconf 79' lang='lat' dir='ltr'><strong>geuiosissimorum</strong></span> <span class='ocrx_word' id='word_1_33' title='bbox 496 842 822 927; x_wconf 82' lang='lat' dir='ltr'><strong>otiosissimorumque</strong></span> <span class='ocrx_word' id='word_1_34' title='bbox 843 852 925 908; x_wconf 89' lang='lat' dir='ltr'><strong>totas</strong></span> <span class='ocrx_word' id='word_1_35' title='bbox 949 853 1069 908; x_wconf 82' lang='lat' dir='ltr'><strong>aetates</strong></span> <span class='ocrx_word' id='word_1_36' title='bbox 1089 843 1232 909; x_wconf 82' lang='lat' dir='ltr'><strong>videmus</strong></span> 
     </span>
    </p>
   </div>
   <div class='ocr_carea' id='block_1_4' title="bbox 186 960 1231 1045">
    <p class='ocr_par' dir='ltr' id='par_1_4' title="bbox 186 960 1231 1045">
     <span class='ocr_line' id='line_1_6' title="bbox 186 960 1231 1045; baseline 0.004 -24"><span class='ocrx_word' id='word_1_37' title='bbox 186 977 259 1023; x_wconf 90' lang='lat' dir='ltr'><strong>esse</strong></span> <span class='ocrx_word' id='word_1_38' title='bbox 295 961 465 1034; x_wconf 77' lang='lat' dir='ltr'><strong>contritas3</strong></span> <span class='ocrx_word' id='word_1_39' title='bbox 506 978 635 1042; x_wconf 87' lang='lat' dir='ltr'><strong>quorum</strong></span> <span class='ocrx_word' id='word_1_40' title='bbox 665 977 734 1043; x_wconf 76' lang='lat' dir='ltr'><strong>ego</strong></span> <span class='ocrx_word' id='word_1_41' title='bbox 772 961 895 1045; x_wconf 90' lang='lat' dir='ltr'><strong>copiam</strong></span> <span class='ocrx_word' id='word_1_42' title='bbox 927 960 1231 1044; x_wconf 79' lang='lat' dir='ltr'><strong>magnitudinemque</strong></span> 
     </span>
    </p>
   </div>
   <div class='ocr_carea' id='block_1_5' title="bbox 10 1072 1321 1158">
    <p class='ocr_par' dir='ltr' id='par_1_5' title="bbox 10 1072 1321 1158">
     <span class='ocr_line' id='line_1_7' title="bbox 10 1072 1321 1158; baseline 0.005 -18"><span class='ocrx_word' id='word_1_43' title='bbox 10 1072 11 1075; x_wconf 66' lang='grc'>’</span> <span class='ocrx_word' id='word_1_44' title='bbox 128 1128 131 1134; x_wconf 95' lang='grc'><strong>.</strong></span> <span class='ocrx_word' id='word_1_45' title='bbox 187 1077 377 1157; x_wconf 79' lang='lat' dir='ltr'><strong>cognitionis</strong></span> <span class='ocrx_word' id='word_1_46' title='bbox 409 1084 501 1158; x_wconf 80' lang='lat' dir='ltr'><strong>atque</strong></span> <span class='ocrx_word' id='word_1_47' title='bbox 533 1075 610 1140; x_wconf 87' lang='lat' dir='ltr'><strong>artis</strong></span> <span class='ocrx_word' id='word_1_48' title='bbox 644 1096 707 1141; x_wconf 88' lang='lat' dir='ltr'><strong>non</strong></span> <span class='ocrx_word' id='word_1_49' title='bbox 738 1077 830 1143; x_wconf 91' lang='lat' dir='ltr'><strong>modo</strong></span> <span class='ocrx_word' id='word_1_50' title='bbox 860 1097 924 1143; x_wconf 90' lang='lat' dir='ltr'><strong>non</strong></span> <span class='ocrx_word' id='word_1_51' title='bbox 955 1087 1136 1153; x_wconf 82' lang='lat' dir='ltr'><strong>contemno,</strong></span> <span class='ocrx_word' id='word_1_52' title='bbox 1173 1076 1232 1141; x_wconf 91' lang='lat' dir='ltr'><strong>sed</strong></span> <span class='ocrx_word' id='word_1_53' title='bbox 1313 1135 1321 1147; x_wconf 84' lang='lat'><strong>.</strong></span> 
     </span>
    </p>
   </div>
   <div class='ocr_carea' id='block_1_6' title="bbox 185 1191 1231 1280">
    <p class='ocr_par' dir='ltr' id='par_1_6' title="bbox 185 1191 1231 1280">
     <span class='ocr_line' id='line_1_8' title="bbox 185 1191 1231 1280; baseline 0.003 -23"><span class='ocrx_word' id='word_1_54' title='bbox 185 1193 281 1257; x_wconf 85' lang='lat' dir='ltr'><strong>etiam</strong></span> <span class='ocrx_word' id='word_1_55' title='bbox 301 1191 501 1258; x_wconf 84' lang='lat' dir='ltr'><strong>vehementer</strong></span> <span class='ocrx_word' id='word_1_56' title='bbox 523 1191 674 1270; x_wconf 81' lang='lat' dir='ltr'><strong>adm&#39;iror3</strong></span> <span class='ocrx_word' id='word_1_57' title='bbox 700 1193 792 1259; x_wconf 91' lang='lat' dir='ltr'><strong>nobis</strong></span> <span class='ocrx_word' id='word_1_58' title='bbox 813 1204 931 1271; x_wconf 84' lang='lat' dir='ltr'><strong>temen,</strong></span> <span class='ocrx_word' id='word_1_59' title='bbox 959 1196 1074 1280; x_wconf 89' lang='lat' dir='ltr'><strong>quiin</strong></span> <span class='ocrx_word' id='word_1_60' title='bbox 1093 1193 1154 1260; x_wconf 92' lang='lat' dir='ltr'><strong>hoc</strong></span> <span class='ocrx_word' id='word_1_61' title='bbox 1174 1213 1231 1280; x_wconf 92' lang='lat' dir='ltr'><strong>po-</strong></span> 
     </span>
    </p>
   </div>
   <div class='ocr_carea' id='block_1_7' title="bbox 60 1308 1231 1395">
    <p class='ocr_par' dir='ltr' id='par_1_7' title="bbox 60 1308 1231 1395">
     <span class='ocr_line' id='line_1_9' title="bbox 60 1308 1231 1395; baseline 0.004 -24"><span class='ocrx_word' id='word_1_62' title='bbox 60 1330 67 1336; x_wconf 84' lang='grc'><strong><em>·</em></strong></span> <span class='ocrx_word' id='word_1_63' title='bbox 185 1308 258 1395; x_wconf 91' lang='lat' dir='ltr'><strong>pulo</strong></span> <span class='ocrx_word' id='word_1_64' title='bbox 280 1309 414 1394; x_wconf 58' lang='lat' dir='ltr'><strong>foroque&gt;</strong></span> <span class='ocrx_word' id='word_1_65' title='bbox 426 1308 597 1385; x_wconf 84' lang='lat' dir='ltr'><strong>versamur,</strong></span> <span class='ocrx_word' id='word_1_66' title='bbox 621 1312 699 1381; x_wconf 76' lang='lat' dir='ltr'><strong>setis</strong></span> <span class='ocrx_word' id='word_1_67' title='bbox 722 1322 769 1376; x_wconf 92' lang='lat' dir='ltr'><strong>est</strong></span> <span class='ocrx_word' id='word_1_68' title='bbox 791 1331 831 1376; x_wconf 84' lang='lat' dir='ltr'><strong>ea</strong></span> <span class='ocrx_word' id='word_1_69' title='bbox 853 1311 891 1376; x_wconf 91' lang='lat' dir='ltr'><strong>de</strong></span> <span class='ocrx_word' id='word_1_70' title='bbox 912 1311 1051 1380; x_wconf 90' lang='lat' dir='ltr'><strong>moribus</strong></span> <span class='ocrx_word' id='word_1_71' title='bbox 1073 1310 1231 1377; x_wconf 88' lang='lat' dir='ltr'><strong>hominum</strong></span> 
     </span>
    </p>
   </div>
   <div class='ocr_carea' id='block_1_8' title="bbox 87 1425 1232 2333">
    <p class='ocr_par' dir='ltr' id='par_1_8' title="bbox 87 1425 1232 2333">
     <span class='ocr_line' id='line_1_10' title="bbox 185 1425 1230 1511; baseline 0.003 -20"><span class='ocrx_word' id='word_1_72' title='bbox 185 1437 216 1491; x_wconf 88' lang='lat' dir='ltr'><strong>ct</strong></span> <span class='ocrx_word' id='word_1_73' title='bbox 238 1428 321 1491; x_wconf 87' lang='lat' dir='ltr'><strong>scire</strong></span> <span class='ocrx_word' id='word_1_74' title='bbox 344 1436 375 1490; x_wconf 85' lang='lat' dir='ltr'><strong>et</strong></span> <span class='ocrx_word' id='word_1_75' title='bbox 397 1425 517 1500; x_wconf 88' lang='lat' dir='ltr'><strong>dicere,</strong></span> <span class='ocrx_word' id='word_1_76' title='bbox 547 1446 628 1511; x_wconf 85' lang='lat' dir='ltr'><strong>quae</strong></span> <span class='ocrx_word' id='word_1_77' title='bbox 649 1447 713 1492; x_wconf 89' lang='lat' dir='ltr'><strong>nou</strong></span> <span class='ocrx_word' id='word_1_78' title='bbox 735 1426 901 1494; x_wconf 81' lang='lat' dir='ltr'><strong>abhorrent</strong></span> <span class='ocrx_word' id='word_1_79' title='bbox 923 1428 962 1496; x_wconf 89' lang='lat' dir='ltr'><strong>ab</strong></span> <span class='ocrx_word' id='word_1_80' title='bbox 984 1429 1142 1495; x_wconf 84' lang='lat' dir='ltr'><strong>hominum</strong></span> <span class='ocrx_word' id='word_1_81' title='bbox 1163 1447 1230 1494; x_wconf 91' lang='lat' dir='ltr'><strong>mo-</strong></span> 
     </span>
     <span class='ocr_line' id='line_1_11' title="bbox 184 1540 1229 1630; baseline 0.002 -23"><span class='ocrx_word' id='word_1_82' title='bbox 184 1542 283 1607; x_wconf 88' lang='lat' dir='ltr'><strong>ribus.</strong></span> <span class='ocrx_word' id='word_1_83' title='bbox 321 1542 394 1607; x_wconf 91' lang='grc'><strong>220.</strong></span> <span class='ocrx_word' id='word_1_84' title='bbox 419 1540 497 1619; x_wconf 83' lang='lat' dir='ltr'><strong>Quis</strong></span> <span class='ocrx_word' id='word_1_85' title='bbox 519 1544 602 1609; x_wconf 91' lang='lat' dir='ltr'><strong>enim</strong></span> <span class='ocrx_word' id='word_1_86' title='bbox 622 1562 757 1626; x_wconf 80' lang='lat' dir='ltr'><strong>unquam</strong></span> <span class='ocrx_word' id='word_1_87' title='bbox 780 1553 886 1608; x_wconf 85' lang='lat' dir='ltr'><strong>orator</strong></span> <span class='ocrx_word' id='word_1_88' title='bbox 906 1564 1037 1628; x_wconf 82' lang='lat' dir='ltr'><strong>magnus</strong></span> <span class='ocrx_word' id='word_1_89' title='bbox 1059 1557 1089 1611; x_wconf 90' lang='lat' dir='ltr'><strong>et</strong></span> <span class='ocrx_word' id='word_1_90' title='bbox 1110 1547 1229 1630; x_wconf 78' lang='lat' dir='ltr'><strong>gravis,</strong></span> 
     </span>
     <span class='ocr_line' id='line_1_12' title="bbox 186 1658 1232 1738; baseline 0 -12"><span class='ocrx_word' id='word_1_91' title='bbox 186 1681 258 1726; x_wconf 92' lang='lat' dir='ltr'><strong>cum</strong></span> <span class='ocrx_word' id='word_1_92' title='bbox 283 1661 396 1723; x_wconf 82' lang='lat' dir='ltr'><strong>iratum</strong></span> <span class='ocrx_word' id='word_1_93' title='bbox 423 1659 606 1725; x_wconf 85' lang='lat' dir='ltr'><strong>adversario</strong></span> <span class='ocrx_word' id='word_1_94' title='bbox 634 1658 768 1723; x_wconf 88' lang='lat' dir='ltr'><strong>iudicem</strong></span> <span class='ocrx_word' id='word_1_95' title='bbox 794 1659 901 1725; x_wconf 81' lang='lat' dir='ltr'><strong>iacere</strong></span> <span class='ocrx_word' id='word_1_96' title='bbox 926 1661 1038 1738; x_wconf 86' lang='lat' dir='ltr'><strong>vellet,</strong></span> <span class='ocrx_word' id='word_1_97' title='bbox 1063 1662 1232 1730; x_wconf 81' lang='lat' dir='ltr'><strong>haesitavit</strong></span> 
     </span>
     <span class='ocr_line' id='line_1_13' title="bbox 172 1775 1231 1861; baseline -0.001 -17"><span class='ocrx_word' id='word_1_98' title='bbox 172 1776 228 1855; x_wconf 57' lang='lat' dir='ltr'><strong>„ob</strong></span> <span class='ocrx_word' id='word_1_99' title='bbox 263 1794 335 1845; x_wconf 80' lang='lat' dir='ltr'><strong>eaor</strong></span> <span class='ocrx_word' id='word_1_100' title='bbox 367 1794 515 1853; x_wconf 83' lang='lat' dir='ltr'><strong>causam,</strong></span> <span class='ocrx_word' id='word_1_101' title='bbox 554 1775 637 1860; x_wconf 87' lang='lat' dir='ltr'><strong>quud</strong></span> <span class='ocrx_word' id='word_1_102' title='bbox 668 1777 805 1843; x_wconf 87' lang='lat' dir='ltr'><strong>nesciret</strong></span> <span class='ocrx_word' id='word_1_103' title='bbox 838 1775 912 1861; x_wconf 90' lang='lat' dir='ltr'><strong>quid</strong></span> <span class='ocrx_word' id='word_1_104' title='bbox 943 1787 1029 1842; x_wconf 88' lang='lat' dir='ltr'><strong>esset</strong></span> <span class='ocrx_word' id='word_1_105' title='bbox 1058 1778 1231 1854; x_wconf 84' lang='lat' dir='ltr'><strong>iracundia,</strong></span> 
     </span>
     <span class='ocr_line' id='line_1_14' title="bbox 184 1868 1231 1979; baseline 0 -20"><span class='ocrx_word' id='word_1_106' title='bbox 184 1894 332 1959; x_wconf 81' lang='lat' dir='ltr'><strong>fervorne</strong></span> <span class='ocrx_word' id='word_1_107' title='bbox 363 1895 476 1957; x_wconf 88' lang='lat' dir='ltr'><strong>mentis</strong></span> <span class='ocrx_word' id='word_1_108' title='bbox 510 1912 551 1957; x_wconf 88' lang='lat' dir='ltr'><strong>an</strong></span> <span class='ocrx_word' id='word_1_109' title='bbox 583 1892 736 1979; x_wconf 81' lang='lat' dir='ltr'><strong>cupiditas</strong></span> <span class='ocrx_word' id='word_1_110' title='bbox 768 1893 915 1977; x_wconf 88' lang='lat' dir='ltr'><strong>puniendi</strong></span> <span class='ocrx_word' id='word_1_111' title='bbox 947 1893 1092 1962; x_wconf 78' lang='lat' dir='ltr'><strong>dolorisi</strong></span> <span class='ocrx_word' id='word_1_112' title='bbox 1144 1868 1231 1972; x_wconf 83' lang='lat' dir='ltr'><strong>Quis,</strong></span> 
     </span>
     <span class='ocr_line' id='line_1_15' title="bbox 87 1996 1231 2105; baseline -0.001 -28"><span class='ocrx_word' id='word_1_113' title='bbox 87 2067 94 2091; x_wconf 87' lang='lat'><strong>,</strong></span> <span class='ocrx_word' id='word_1_114' title='bbox 185 2032 253 2078; x_wconf 92' lang='lat' dir='ltr'><strong>cum</strong></span> <span class='ocrx_word' id='word_1_115' title='bbox 280 1996 402 2077; x_wconf 85' lang='lat' dir='ltr'><strong>ceteros</strong></span> <span class='ocrx_word' id='word_1_116' title='bbox 434 2011 607 2080; x_wconf 86' lang='lat' dir='ltr'><strong>animorum</strong></span> <span class='ocrx_word' id='word_1_117' title='bbox 640 2020 741 2075; x_wconf 87' lang='lat' dir='ltr'><strong>motus</strong></span> <span class='ocrx_word' id='word_1_118' title='bbox 773 2020 831 2098; x_wconf 89' lang='lat' dir='ltr'><strong>aut</strong></span> <span class='ocrx_word' id='word_1_119' title='bbox 852 2011 1008 2101; x_wconf 84' lang='lat' dir='ltr'><strong>iudicibus</strong></span> <span class='ocrx_word' id='word_1_120' title='bbox 1038 2023 1090 2105; x_wconf 83' lang='lat' dir='ltr'><strong>aut</strong></span> <span class='ocrx_word' id='word_1_121' title='bbox 1115 2011 1231 2099; x_wconf 86' lang='lat' dir='ltr'><strong>populo</strong></span> 
     </span>
     <span class='ocr_line' id='line_1_16' title="bbox 186 2127 1229 2217; baseline 0 -22"><span class='ocrx_word' id='word_1_122' title='bbox 186 2128 318 2195; x_wconf 88' lang='lat' dir='ltr'><strong>dicendo</strong></span> <span class='ocrx_word' id='word_1_123' title='bbox 349 2130 484 2194; x_wconf 85' lang='lat' dir='ltr'><strong>miscere</strong></span> <span class='ocrx_word' id='word_1_124' title='bbox 517 2137 609 2212; x_wconf 90' lang='lat' dir='ltr'><strong>atque</strong></span> <span class='ocrx_word' id='word_1_125' title='bbox 643 2129 778 2217; x_wconf 75' lang='lat' dir='ltr'><strong>agitare</strong></span> <span class='ocrx_word' id='word_1_126' title='bbox 795 2127 909 2206; x_wconf 84' lang='lat' dir='ltr'><strong>vellet,</strong></span> <span class='ocrx_word' id='word_1_127' title='bbox 941 2150 997 2199; x_wconf 31' lang='lat' dir='ltr'><strong>ea,</strong></span> <span class='ocrx_word' id='word_1_128' title='bbox 1015 2130 1110 2207; x_wconf 82' lang='lat' dir='ltr'><strong>dixit,</strong></span> <span class='ocrx_word' id='word_1_129' title='bbox 1148 2149 1229 2215; x_wconf 85' lang='lat' dir='ltr'><strong>quae</strong></span> 
     </span>
     <span class='ocr_line' id='line_1_17' title="bbox 96 2244 1230 2333; baseline -0.004 -18"><span class='ocrx_word' id='word_1_130' title='bbox 96 2244 103 2251; x_wconf 82' lang='grc'><strong>’</strong></span> <span class='ocrx_word' id='word_1_131' title='bbox 187 2267 207 2315; x_wconf 77' lang='lat' dir='ltr'><strong>a</strong></span> <span class='ocrx_word' id='word_1_132' title='bbox 228 2245 422 2333; x_wconf 87' lang='lat' dir='ltr'><strong>philosophis</strong></span> <span class='ocrx_word' id='word_1_133' title='bbox 451 2245 515 2311; x_wconf 88' lang='lat' dir='ltr'><strong>dici</strong></span> <span class='ocrx_word' id='word_1_134' title='bbox 537 2244 662 2315; x_wconf 78' lang='lat' dir='ltr'><strong>solenti</strong></span> <span class='ocrx_word' id='word_1_135' title='bbox 688 2247 740 2331; x_wconf 89' lang='lat' dir='ltr'><strong>qui</strong></span> <span class='ocrx_word' id='word_1_136' title='bbox 760 2248 873 2332; x_wconf 84' lang='lat' dir='ltr'><strong>partim</strong></span> <span class='ocrx_word' id='word_1_137' title='bbox 897 2249 1023 2314; x_wconf 91' lang='lat' dir='ltr'><strong>omnino</strong></span> <span class='ocrx_word' id='word_1_138' title='bbox 1046 2258 1152 2318; x_wconf 75' lang='lat' dir='ltr'><strong>&#39;motus</strong></span> <span class='ocrx_word' id='word_1_139' title='bbox 1173 2266 1230 2312; x_wconf 84' lang='lat' dir='ltr'><strong>ne-</strong></span> 
     </span>
    </p>
   </div>
   <div class='ocr_carea' id='block_1_9' title="bbox 188 2346 1231 2525">
    <p class='ocr_par' dir='ltr' id='par_1_9' title="bbox 188 2346 1231 2525">
     <span class='ocr_line' id='line_1_18' title="bbox 188 2346 1231 2450; baseline 0.001 -24"><span class='ocrx_word' id='word_1_140' title='bbox 188 2364 319 2446; x_wconf 82' lang='lat' dir='ltr'><strong>gentio</strong></span> <span class='ocrx_word' id='word_1_141' title='bbox 341 2364 453 2431; x_wconf 84' lang='lat' dir='ltr'><strong>animis</strong></span> <span class='ocrx_word' id='word_1_142' title='bbox 467 2362 550 2432; x_wconf 87' lang='lat' dir='ltr'><strong>ullos</strong></span> <span class='ocrx_word' id='word_1_143' title='bbox 566 2382 645 2437; x_wconf 8' lang='lat' dir='ltr'><strong>*esse</strong></span> <span class='ocrx_word' id='word_1_144' title='bbox 667 2363 796 2442; x_wconf 86' lang='lat' dir='ltr'><strong>dehere,</strong></span> <span class='ocrx_word' id='word_1_145' title='bbox 824 2368 937 2450; x_wconf 87' lang='lat' dir='ltr'><strong>quique</strong></span> <span class='ocrx_word' id='word_1_146' title='bbox 960 2384 1016 2431; x_wconf 88' lang='lat' dir='ltr'><strong>eos</strong></span> <span class='ocrx_word' id='word_1_147' title='bbox 1038 2346 1231 2435; x_wconf 48' lang='lat' dir='ltr'><strong>in&#39;iudicum</strong></span> 
     </span>
     <span class='ocr_line' id='line_1_19' title="bbox 998 2487 1007 2525; baseline 0 0"><span class='ocrx_word' id='word_1_148' title='bbox 998 2487 1007 2525; x_wconf 88' lang='lat' dir='ltr'><strong>t</strong></span> 
     </span>
    </p>
   </div>
   <div class='ocr_carea' id='block_1_10' title="bbox 55 2582 1231 2686">
    <p class='ocr_par' dir='ltr' id='par_1_10' title="bbox 55 2582 1231 2686">
     <span class='ocr_line' id='line_1_20' title="bbox 55 2582 1231 2686; baseline -0.001 -20"><span class='ocrx_word' id='word_1_149' title='bbox 55 2634 60 2649; x_wconf 84' lang='lat'><strong>.</strong></span> <span class='ocrx_word' id='word_1_150' title='bbox 100 2656 102 2672; x_wconf 74' lang='lat'><strong>,</strong></span> <span class='ocrx_word' id='word_1_151' title='bbox 186 2611 284 2682; x_wconf 83' lang='lat' dir='ltr'><strong>scripsi</strong></span> <span class='ocrx_word' id='word_1_152' title='bbox 308 2627 343 2665; x_wconf 83' lang='lat' dir='ltr'><strong>ex</strong></span> <span class='ocrx_word' id='word_1_153' title='bbox 365 2611 414 2683; x_wconf 79' lang='lat' dir='ltr'><strong>Lg.</strong></span> <span class='ocrx_word' id='word_1_154' title='bbox 440 2615 464 2668; x_wconf 88' lang='grc'><strong>3.</strong></span> <span class='ocrx_word' id='word_1_155' title='bbox 491 2604 581 2669; x_wconf 73' lang='grc'><strong>620.</strong></span> <span class='ocrx_word' id='word_1_156' title='bbox 604 2582 646 2670; x_wconf 80' lang='grc'><strong>66.</strong></span> <span class='ocrx_word' id='word_1_157' title='bbox 666 2616 708 2670; x_wconf 88' lang='grc'><strong>76.</strong></span> <span class='ocrx_word' id='word_1_158' title='bbox 731 2614 804 2669; x_wconf 88' lang='lat' dir='ltr'><strong>Viet.</strong></span> <span class='ocrx_word' id='word_1_159' title='bbox 834 2616 1004 2686; x_wconf 71' lang='lat' dir='ltr'><strong>percontere</strong></span> <span class='ocrx_word' id='word_1_160' title='bbox 1027 2612 1078 2667; x_wconf 85' lang='lat' dir='ltr'><strong>Gu.</strong></span> <span class='ocrx_word' id='word_1_161' title='bbox 1099 2613 1125 2666; x_wconf 88' lang='grc'><strong>2.</strong></span> <span class='ocrx_word' id='word_1_162' title='bbox 1148 2611 1231 2682; x_wconf 81' lang='lat' dir='ltr'><strong>vulgo</strong></span> 
     </span>
    </p>
   </div>
   <div class='ocr_carea' id='block_1_11' title="bbox 150 2696 1285 3280">
    <p class='ocr_par' dir='ltr' id='par_1_11' title="bbox 150 2696 1285 2944">
     <span class='ocr_line' id='line_1_21' title="bbox 181 2696 1229 2770; baseline 0.001 -21"><span class='ocrx_word' id='word_1_163' title='bbox 181 2701 376 2770; x_wconf 76' lang='lat' dir='ltr'><strong>percurrisse.</strong></span> <span class='ocrx_word' id='word_1_164' title='bbox 396 2707 427 2741; x_wconf 56' lang='grc' dir='ltr'><strong>έ-</strong></span> <span class='ocrx_word' id='word_1_165' title='bbox 457 2700 599 2753; x_wconf 72' lang='lat' dir='ltr'><strong>callidum</strong></span> <span class='ocrx_word' id='word_1_166' title='bbox 616 2698 776 2770; x_wconf 84' lang='lat' dir='ltr'><strong>quendam]</strong></span> <span class='ocrx_word' id='word_1_167' title='bbox 802 2701 857 2753; x_wconf 89' lang='lat' dir='ltr'><strong>inv.</strong></span> <span class='ocrx_word' id='word_1_168' title='bbox 880 2697 930 2769; x_wconf 81' lang='lat' dir='ltr'><strong>Lg.</strong></span> <span class='ocrx_word' id='word_1_169' title='bbox 951 2699 992 2752; x_wconf 76' lang='lat' dir='ltr'><strong>ld.</strong></span> <span class='ocrx_word' id='word_1_170' title='bbox 1017 2703 1044 2750; x_wconf 88' lang='lat' dir='ltr'><strong>et</strong></span> <span class='ocrx_word' id='word_1_171' title='bbox 1061 2715 1078 2749; x_wconf 87' lang='lat' dir='ltr'><strong>u</strong></span> <span class='ocrx_word' id='word_1_172' title='bbox 1096 2712 1167 2750; x_wconf 87' lang='lat' dir='ltr'><strong>corr.</strong></span> <span class='ocrx_word' id='word_1_173' title='bbox 1186 2696 1229 2751; x_wconf 85' lang='grc'><strong>81.</strong></span> 
     </span>
     <span class='ocr_line' id='line_1_22' title="bbox 150 2766 1285 2861; baseline 0 -27"><span class='ocrx_word' id='word_1_174' title='bbox 150 2776 154 2779; x_wconf 69' lang='grc'><strong>’</strong></span> <span class='ocrx_word' id='word_1_175' title='bbox 187 2782 378 2852; x_wconf 70' lang='lat' dir='ltr'><strong>quispam.</strong></span> <span class='ocrx_word' id='word_1_176' title='bbox 402 2766 554 2853; x_wconf 67' lang='lat' dir='ltr'><strong>wardone</strong></span> <span class='ocrx_word' id='word_1_177' title='bbox 578 2785 725 2849; x_wconf 65' lang='lat' dir='ltr'><strong>calidum</strong></span> <span class='ocrx_word' id='word_1_178' title='bbox 749 2786 787 2837; x_wconf 85' lang='lat' dir='ltr'><strong>ita</strong></span> <span class='ocrx_word' id='word_1_179' title='bbox 804 2784 874 2837; x_wconf 79' lang='lat' dir='ltr'><strong>vict.</strong></span> <span class='ocrx_word' id='word_1_180' title='bbox 900 2813 930 2823; x_wconf 92' lang='lat'><em>-</em></span> <span class='ocrx_word' id='word_1_181' title='bbox 965 2788 1053 2861; x_wconf 84' lang='lat' dir='ltr'><strong>utque</strong></span> <span class='ocrx_word' id='word_1_182' title='bbox 1069 2780 1230 2854; x_wconf 77' lang='lat' dir='ltr'><strong>hospitem]</strong></span> <span class='ocrx_word' id='word_1_183' title='bbox 1282 2840 1285 2851; x_wconf 45' lang='grc'>,</span> 
     </span>
     <span class='ocr_line' id='line_1_23' title="bbox 186 2865 763 2944; baseline 0.01 -26"><span class='ocrx_word' id='word_1_184' title='bbox 186 2883 223 2920; x_wconf 83' lang='lat' dir='ltr'><strong>ee</strong></span> <span class='ocrx_word' id='word_1_185' title='bbox 240 2865 324 2944; x_wconf 78' lang='lat' dir='ltr'><strong>hosp.</strong></span> <span class='ocrx_word' id='word_1_186' title='bbox 344 2866 394 2939; x_wconf 74' lang='lat' dir='ltr'><strong>ng,</strong></span> <span class='ocrx_word' id='word_1_187' title='bbox 415 2871 456 2928; x_wconf 79' lang='grc'><strong>14.</strong></span> <span class='ocrx_word' id='word_1_188' title='bbox 478 2871 518 2923; x_wconf 89' lang='lat'><strong>15.</strong></span> <span class='ocrx_word' id='word_1_189' title='bbox 537 2869 579 2925; x_wconf 71' lang='grc'><strong>23.</strong></span> <span class='ocrx_word' id='word_1_190' title='bbox 600 2871 641 2924; x_wconf 87' lang='grc'><strong>35.</strong></span> <span class='ocrx_word' id='word_1_191' title='bbox 660 2871 702 2924; x_wconf 85' lang='grc'><strong>60.</strong></span> <span class='ocrx_word' id='word_1_192' title='bbox 720 2871 763 2928; x_wconf 84' lang='grc'><strong>93.</strong></span> 
     </span>
    </p>

    <p class='ocr_par' dir='ltr' id='par_1_12' title="bbox 183 2950 1232 3280">
     <span class='ocr_line' id='line_1_24' title="bbox 271 2950 1231 3025; baseline -0.003 -18"><span class='ocrx_word' id='word_1_193' title='bbox 271 2950 318 3009; x_wconf 71' lang='lat' dir='ltr'><strong>ld.</strong></span> <span class='ocrx_word' id='word_1_194' title='bbox 354 2951 412 3008; x_wconf 78' lang='lat'><strong>219.</strong></span> <span class='ocrx_word' id='word_1_195' title='bbox 449 2955 594 3022; x_wconf 76' lang='lat' dir='ltr'><strong>maxime]</strong></span> <span class='ocrx_word' id='word_1_196' title='bbox 619 2973 671 3012; x_wconf 83' lang='lat' dir='ltr'><strong>our.</strong></span> <span class='ocrx_word' id='word_1_197' title='bbox 697 2954 746 3025; x_wconf 74' lang='lat' dir='ltr'><strong>ng.</strong></span> <span class='ocrx_word' id='word_1_198' title='bbox 768 2954 838 3008; x_wconf 72' lang='lat' dir='ltr'><strong>vict.</strong></span> <span class='ocrx_word' id='word_1_199' title='bbox 858 2981 893 2995; x_wconf 88' lang='lat'><strong>·-</strong></span> <span class='ocrx_word' id='word_1_200' title='bbox 918 2954 974 3021; x_wconf 81' lang='lat' dir='ltr'><strong>ita]</strong></span> <span class='ocrx_word' id='word_1_201' title='bbox 997 2957 1058 3007; x_wconf 84' lang='lat' dir='ltr'><strong>ista</strong></span> <span class='ocrx_word' id='word_1_202' title='bbox 1081 2952 1133 3014; x_wconf 80' lang='lat' dir='ltr'><strong>Gn,</strong></span> <span class='ocrx_word' id='word_1_203' title='bbox 1154 2951 1178 3006; x_wconf 92' lang='lat' dir='ltr'><strong>l.</strong></span> <span class='ocrx_word' id='word_1_204' title='bbox 1194 2982 1231 2994; x_wconf 80' lang='lat'><strong>—-</strong></span> 
     </span>
     <span class='ocr_line' id='line_1_25' title="bbox 185 3026 1229 3109; baseline 0.002 -21"><span class='ocrx_word' id='word_1_205' title='bbox 185 3038 305 3105; x_wconf 64' lang='lat' dir='ltr'><strong>meere]</strong></span> <span class='ocrx_word' id='word_1_206' title='bbox 329 3037 371 3096; x_wconf 78' lang='lat' dir='ltr'><strong>su</strong></span> <span class='ocrx_word' id='word_1_207' title='bbox 392 3037 440 3109; x_wconf 77' lang='lat' dir='ltr'><strong>ng.</strong></span> <span class='ocrx_word' id='word_1_208' title='bbox 460 3038 503 3094; x_wconf 80' lang='lat' dir='ltr'><strong>ss.</strong></span> <span class='ocrx_word' id='word_1_209' title='bbox 521 3039 563 3093; x_wconf 84' lang='lat' dir='ltr'><strong>sr.</strong></span> <span class='ocrx_word' id='word_1_210' title='bbox 581 3039 623 3094; x_wconf 83' lang='lat'><strong>93.</strong></span> <span class='ocrx_word' id='word_1_211' title='bbox 667 3026 794 3093; x_wconf 68' lang='lat' dir='ltr'><strong>mentem</strong></span> <span class='ocrx_word' id='word_1_212' title='bbox 811 3040 835 3094; x_wconf 80' lang='lat' dir='ltr'><strong>a</strong></span> <span class='ocrx_word' id='word_1_213' title='bbox 854 3041 878 3093; x_wconf 83' lang='lat'><strong>5.</strong></span> <span class='ocrx_word' id='word_1_214' title='bbox 897 3038 922 3094; x_wconf 87' lang='lat' dir='ltr'><strong>e.</strong></span> <span class='ocrx_word' id='word_1_215' title='bbox 944 3038 984 3092; x_wconf 86' lang='lat' dir='ltr'><strong>ro.</strong></span> <span class='ocrx_word' id='word_1_216' title='bbox 1003 3037 1045 3093; x_wconf 78' lang='lat'><strong>20.</strong></span> <span class='ocrx_word' id='word_1_217' title='bbox 1064 3038 1105 3091; x_wconf 83' lang='lat' dir='ltr'><strong>m.</strong></span> <span class='ocrx_word' id='word_1_218' title='bbox 1124 3037 1167 3092; x_wconf 82' lang='lat' dir='ltr'><strong>ss.</strong></span> <span class='ocrx_word' id='word_1_219' title='bbox 1187 3036 1229 3090; x_wconf 86' lang='lat' dir='ltr'><strong>er.</strong></span> 
     </span>
     <span class='ocr_line' id='line_1_26' title="bbox 187 3115 1232 3197; baseline 0 -24"><span class='ocrx_word' id='word_1_220' title='bbox 187 3122 229 3175; x_wconf 88' lang='grc'><strong>70.</strong></span> <span class='ocrx_word' id='word_1_221' title='bbox 249 3121 290 3176; x_wconf 90' lang='grc'><strong>73.</strong></span> <span class='ocrx_word' id='word_1_222' title='bbox 312 3150 347 3162; x_wconf 64' lang='grc'><strong>»-</strong></span> <span class='ocrx_word' id='word_1_223' title='bbox 377 3122 513 3191; x_wconf 72' lang='lat' dir='ltr'><strong>dicendo]</strong></span> <span class='ocrx_word' id='word_1_224' title='bbox 533 3128 564 3177; x_wconf 87' lang='lat' dir='ltr'><strong>in</strong></span> <span class='ocrx_word' id='word_1_225' title='bbox 583 3126 638 3180; x_wconf 82' lang='lat' dir='ltr'><strong>die.</strong></span> <span class='ocrx_word' id='word_1_226' title='bbox 658 3123 707 3196; x_wconf 64' lang='lat' dir='ltr'><strong>Ing.</strong></span> <span class='ocrx_word' id='word_1_227' title='bbox 725 3115 767 3181; x_wconf 84' lang='grc'><strong>67.</strong></span> <span class='ocrx_word' id='word_1_228' title='bbox 781 3154 817 3165; x_wconf 82' lang='grc'><strong>--</strong></span> <span class='ocrx_word' id='word_1_229' title='bbox 840 3124 1033 3197; x_wconf 72' lang='lat' dir='ltr'><strong>restin&#39;puere]</strong></span> <span class='ocrx_word' id='word_1_230' title='bbox 1051 3126 1232 3193; x_wconf 78' lang='lat' dir='ltr'><strong>restrinpere</strong></span> 
     </span>
     <span class='ocr_line' id='line_1_27' title="bbox 183 3205 1231 3280; baseline 0.001 -22"><span class='ocrx_word' id='word_1_231' title='bbox 183 3205 235 3277; x_wconf 81' lang='lat' dir='ltr'><strong>Lg.</strong></span> <span class='ocrx_word' id='word_1_232' title='bbox 249 3205 292 3260; x_wconf 83' lang='grc'><strong>65.</strong></span> <span class='ocrx_word' id='word_1_233' title='bbox 311 3205 353 3266; x_wconf 86' lang='grc'><strong>81,</strong></span> <span class='ocrx_word' id='word_1_234' title='bbox 372 3206 406 3259; x_wconf 86' lang='grc'><strong>85</strong></span> <span class='ocrx_word' id='word_1_235' title='bbox 420 3221 493 3265; x_wconf 74' lang='lat' dir='ltr'><strong>corn</strong></span> <span class='ocrx_word' id='word_1_236' title='bbox 505 3238 539 3253; x_wconf 46' lang='grc' dir='ltr'><strong>η</strong></span> <span class='ocrx_word' id='word_1_237' title='bbox 558 3211 604 3277; x_wconf 88' lang='lat' dir='ltr'><strong>eo]</strong></span> <span class='ocrx_word' id='word_1_238' title='bbox 623 3213 655 3262; x_wconf 85' lang='lat' dir='ltr'><strong>in</strong></span> <span class='ocrx_word' id='word_1_239' title='bbox 673 3227 705 3262; x_wconf 90' lang='lat' dir='ltr'><strong>eo</strong></span> <span class='ocrx_word' id='word_1_240' title='bbox 723 3209 772 3280; x_wconf 81' lang='lat' dir='ltr'><strong>Lg.</strong></span> <span class='ocrx_word' id='word_1_241' title='bbox 788 3210 813 3264; x_wconf 88' lang='grc'><strong>6.</strong></span> <span class='ocrx_word' id='word_1_242' title='bbox 829 3208 871 3266; x_wconf 87' lang='grc'><strong>92.</strong></span> <span class='ocrx_word' id='word_1_243' title='bbox 898 3226 931 3267; x_wconf 80' lang='lat' dir='ltr'><strong>co</strong></span> <span class='ocrx_word' id='word_1_244' title='bbox 952 3226 1022 3265; x_wconf 88' lang='lat' dir='ltr'><strong>corr.</strong></span> <span class='ocrx_word' id='word_1_245' title='bbox 1052 3209 1127 3263; x_wconf 83' lang='lat' dir='ltr'><strong>adeo</strong></span> <span class='ocrx_word' id='word_1_246' title='bbox 1144 3206 1231 3261; x_wconf 76' lang='lat'><strong>69.—</strong></span> 
     </span>
    </p>
   </div>
   <div class='ocr_carea' id='block_1_12' title="bbox 181 3276 1349 3371">
    <p class='ocr_par' dir='ltr' id='par_1_13' title="bbox 181 3276 1349 3371">
     <span class='ocr_line' id='line_1_28' title="bbox 181 3276 1349 3371; baseline 0.001 -29"><span class='ocrx_word' id='word_1_247' title='bbox 181 3293 388 3366; x_wconf 75' lang='lat' dir='ltr'><strong>perspexerit]</strong></span> <span class='ocrx_word' id='word_1_248' title='bbox 416 3297 574 3366; x_wconf 76' lang='lat' dir='ltr'><strong>perspexit</strong></span> <span class='ocrx_word' id='word_1_249' title='bbox 607 3293 656 3364; x_wconf 74' lang='lat' dir='ltr'><strong>ng.</strong></span> <span class='ocrx_word' id='word_1_250' title='bbox 682 3293 725 3348; x_wconf 85' lang='grc'><strong>69.</strong></span> <span class='ocrx_word' id='word_1_251' title='bbox 750 3294 791 3348; x_wconf 85' lang='grc'><strong>70.</strong></span> <span class='ocrx_word' id='word_1_252' title='bbox 828 3297 1023 3371; x_wconf 69' lang='lat' dir='ltr'><strong>prospexerit</strong></span> <span class='ocrx_word' id='word_1_253' title='bbox 1051 3293 1083 3349; x_wconf 89' lang='grc'><strong>81</strong></span> <span class='ocrx_word' id='word_1_254' title='bbox 1104 3308 1174 3352; x_wconf 86' lang='lat' dir='ltr'><strong>corr.</strong></span> <span class='ocrx_word' id='word_1_255' title='bbox 1188 3302 1231 3333; x_wconf 60' lang='lat'><strong>2—-</strong></span> <span class='ocrx_word' id='word_1_256' title='bbox 1338 3276 1349 3294; x_wconf 70' lang='lat'>&#39;</span> 
     </span>
    </p>
   </div>
   <div class='ocr_carea' id='block_1_13' title="bbox 182 3376 1238 4209">
    <p class='ocr_par' dir='ltr' id='par_1_14' title="bbox 185 3376 1231 3698">
     <span class='ocr_line' id='line_1_29' title="bbox 185 3376 1229 3448; baseline 0.002 -21"><span class='ocrx_word' id='word_1_257' title='bbox 185 3377 313 3446; x_wconf 79' lang='lat' dir='ltr'><strong>quoque]</strong></span> <span class='ocrx_word' id='word_1_258' title='bbox 335 3393 390 3446; x_wconf 84' lang='lat' dir='ltr'><strong>qun</strong></span> <span class='ocrx_word' id='word_1_259' title='bbox 409 3376 461 3432; x_wconf 89' lang='lat' dir='ltr'><strong>Gu.</strong></span> <span class='ocrx_word' id='word_1_260' title='bbox 476 3377 500 3433; x_wconf 90' lang='grc'><strong>2.</strong></span> <span class='ocrx_word' id='word_1_261' title='bbox 521 3376 570 3448; x_wconf 74' lang='lat' dir='ltr'><strong>ng.</strong></span> <span class='ocrx_word' id='word_1_262' title='bbox 590 3378 614 3431; x_wconf 82' lang='lat'><strong>3.</strong></span> <span class='ocrx_word' id='word_1_263' title='bbox 635 3378 659 3433; x_wconf 84' lang='lat'><strong>5.</strong></span> <span class='ocrx_word' id='word_1_264' title='bbox 680 3378 723 3432; x_wconf 85' lang='grc'><strong>21.</strong></span> <span class='ocrx_word' id='word_1_265' title='bbox 743 3378 776 3443; x_wconf 78' lang='grc'><strong>24</strong></span> <span class='ocrx_word' id='word_1_266' title='bbox 790 3395 860 3439; x_wconf 71' lang='lat' dir='ltr'><strong>corr.</strong></span> <span class='ocrx_word' id='word_1_267' title='bbox 878 3377 920 3433; x_wconf 88' lang='grc'><strong>65.</strong></span> <span class='ocrx_word' id='word_1_268' title='bbox 943 3379 984 3432; x_wconf 91' lang='grc'><strong>76.</strong></span> <span class='ocrx_word' id='word_1_269' title='bbox 1002 3377 1036 3430; x_wconf 87' lang='grc'><strong>81</strong></span> <span class='ocrx_word' id='word_1_270' title='bbox 1048 3396 1110 3448; x_wconf 75' lang='lat' dir='ltr'><strong>exp.</strong></span> <span class='ocrx_word' id='word_1_271' title='bbox 1123 3405 1158 3418; x_wconf 74' lang='grc'>-</span> <span class='ocrx_word' id='word_1_272' title='bbox 1176 3391 1229 3433; x_wconf 83' lang='lat' dir='ltr'><strong>om.</strong></span> 
     </span>
     <span class='ocr_line' id='line_1_30' title="bbox 185 3460 1231 3529; baseline -0.002 -16"><span class='ocrx_word' id='word_1_273' title='bbox 185 3460 229 3514; x_wconf 91' lang='grc'><strong>16.</strong></span> <span class='ocrx_word' id='word_1_274' title='bbox 252 3460 292 3514; x_wconf 84' lang='grc'><strong>17.</strong></span> <span class='ocrx_word' id='word_1_275' title='bbox 312 3461 354 3518; x_wconf 87' lang='grc'><strong>20.</strong></span> <span class='ocrx_word' id='word_1_276' title='bbox 374 3460 416 3514; x_wconf 82' lang='grc'><strong>33.</strong></span> <span class='ocrx_word' id='word_1_277' title='bbox 436 3460 478 3513; x_wconf 87' lang='grc'><strong>70.</strong></span> <span class='ocrx_word' id='word_1_278' title='bbox 498 3461 539 3515; x_wconf 90' lang='grc'><strong>73.</strong></span> <span class='ocrx_word' id='word_1_279' title='bbox 558 3463 600 3520; x_wconf 75' lang='lat' dir='ltr'><strong>st.</strong></span> <span class='ocrx_word' id='word_1_280' title='bbox 620 3462 663 3522; x_wconf 89' lang='grc'><strong>86.</strong></span> <span class='ocrx_word' id='word_1_281' title='bbox 681 3462 751 3519; x_wconf 77' lang='lat' dir='ltr'><strong>vtes.</strong></span> <span class='ocrx_word' id='word_1_282' title='bbox 772 3491 808 3521; x_wconf 79' lang='grc'><strong>-,</strong></span> <span class='ocrx_word' id='word_1_283' title='bbox 837 3480 896 3519; x_wconf 87' lang='lat' dir='ltr'><strong>non</strong></span> <span class='ocrx_word' id='word_1_284' title='bbox 912 3464 1002 3516; x_wconf 84' lang='lat' dir='ltr'><strong>modo</strong></span> <span class='ocrx_word' id='word_1_285' title='bbox 1021 3464 1091 3529; x_wconf 81' lang='lat' dir='ltr'><strong>uon]</strong></span> <span class='ocrx_word' id='word_1_286' title='bbox 1116 3462 1231 3518; x_wconf 78' lang='lat' dir='ltr'><strong>alterum</strong></span> 
     </span>
     <span class='ocr_line' id='line_1_31' title="bbox 185 3543 1230 3622; baseline 0.008 -24"><span class='ocrx_word' id='word_1_287' title='bbox 185 3563 247 3600; x_wconf 85' lang='lat' dir='ltr'><strong>non</strong></span> <span class='ocrx_word' id='word_1_288' title='bbox 266 3563 318 3599; x_wconf 90' lang='lat' dir='ltr'><strong>om.</strong></span> <span class='ocrx_word' id='word_1_289' title='bbox 338 3544 388 3616; x_wconf 83' lang='lat' dir='ltr'><strong>Lg.</strong></span> <span class='ocrx_word' id='word_1_290' title='bbox 407 3544 432 3599; x_wconf 91' lang='grc'><strong>6.</strong></span> <span class='ocrx_word' id='word_1_291' title='bbox 454 3545 494 3600; x_wconf 88' lang='grc'><strong>16.</strong></span> <span class='ocrx_word' id='word_1_292' title='bbox 513 3577 548 3586; x_wconf 90' lang='grc'>-</span> <span class='ocrx_word' id='word_1_293' title='bbox 576 3553 605 3600; x_wconf 86' lang='lat' dir='ltr'><strong>et</strong></span> <span class='ocrx_word' id='word_1_294' title='bbox 623 3551 700 3602; x_wconf 82' lang='lat' dir='ltr'><strong>seire</strong></span> <span class='ocrx_word' id='word_1_295' title='bbox 718 3556 747 3603; x_wconf 81' lang='lat' dir='ltr'><strong>et</strong></span> <span class='ocrx_word' id='word_1_296' title='bbox 762 3564 820 3616; x_wconf 86' lang='lat' dir='ltr'><strong>sqq.</strong></span> <span class='ocrx_word' id='word_1_297' title='bbox 839 3548 874 3607; x_wconf 79' lang='lat' dir='ltr'><strong>ad</strong></span> <span class='ocrx_word' id='word_1_298' title='bbox 893 3548 917 3620; x_wconf 74' lang='grc'><strong>6.</strong></span> <span class='ocrx_word' id='word_1_299' title='bbox 936 3548 988 3606; x_wconf 84' lang='grc'><strong>220</strong></span> <span class='ocrx_word' id='word_1_300' title='bbox 1005 3564 1091 3622; x_wconf 85' lang='lat' dir='ltr'><strong>usque</strong></span> <span class='ocrx_word' id='word_1_301' title='bbox 1109 3563 1161 3605; x_wconf 76' lang='lat'><strong>0111·</strong></span> <span class='ocrx_word' id='word_1_302' title='bbox 1180 3543 1230 3615; x_wconf 80' lang='lat' dir='ltr'><strong>Lg.</strong></span> 
     </span>
     <span class='ocr_line' id='line_1_32' title="bbox 186 3629 883 3698; baseline 0.004 -15"><span class='ocrx_word' id='word_1_303' title='bbox 186 3631 228 3685; x_wconf 89' lang='grc'><strong>70.</strong></span> <span class='ocrx_word' id='word_1_304' title='bbox 246 3659 283 3671; x_wconf 85' lang='lat'><strong>-·</strong></span> <span class='ocrx_word' id='word_1_305' title='bbox 307 3629 478 3698; x_wconf 78' lang='lat' dir='ltr'><strong>abhorrent]</strong></span> <span class='ocrx_word' id='word_1_306' title='bbox 500 3630 679 3685; x_wconf 80' lang='lat' dir='ltr'><strong>abhorreant</strong></span> <span class='ocrx_word' id='word_1_307' title='bbox 696 3632 765 3689; x_wconf 88' lang='lat' dir='ltr'><strong>Vict.</strong></span> <span class='ocrx_word' id='word_1_308' title='bbox 788 3632 839 3691; x_wconf 88' lang='lat' dir='ltr'><strong>Gu.</strong></span> <span class='ocrx_word' id='word_1_309' title='bbox 859 3632 883 3693; x_wconf 86' lang='lat' dir='ltr'><strong>l,</strong></span> 
     </span>
    </p>

    <p class='ocr_par' dir='ltr' id='par_1_15' title="bbox 182 3712 1238 4209">
     <span class='ocr_line' id='line_1_33' title="bbox 272 3712 1233 3787; baseline -0.001 -19"><span class='ocrx_word' id='word_1_310' title='bbox 272 3714 331 3770; x_wconf 88' lang='grc'><strong>220.</strong></span> <span class='ocrx_word' id='word_1_311' title='bbox 369 3721 398 3768; x_wconf 87' lang='lat' dir='ltr'><strong>et</strong></span> <span class='ocrx_word' id='word_1_312' title='bbox 414 3717 527 3786; x_wconf 68' lang='lat' dir='ltr'><strong>pavis]</strong></span> <span class='ocrx_word' id='word_1_313' title='bbox 548 3723 636 3786; x_wconf 82' lang='lat' dir='ltr'><strong>etque</strong></span> <span class='ocrx_word' id='word_1_314' title='bbox 652 3734 697 3787; x_wconf 76' lang='lat' dir='ltr'><strong>pr.</strong></span> <span class='ocrx_word' id='word_1_315' title='bbox 714 3716 757 3770; x_wconf 91' lang='grc'><strong>67.</strong></span> <span class='ocrx_word' id='word_1_316' title='bbox 774 3747 809 3757; x_wconf 91' lang='grc'><strong>-</strong></span> <span class='ocrx_word' id='word_1_317' title='bbox 835 3716 977 3783; x_wconf 82' lang='lat' dir='ltr'><strong>nesciret]</strong></span> <span class='ocrx_word' id='word_1_318' title='bbox 999 3732 1051 3768; x_wconf 90' lang='lat' dir='ltr'><strong>om.</strong></span> <span class='ocrx_word' id='word_1_319' title='bbox 1071 3712 1121 3784; x_wconf 81' lang='lat' dir='ltr'><strong>Lg.</strong></span> <span class='ocrx_word' id='word_1_320' title='bbox 1138 3713 1181 3779; x_wconf 81' lang='lat'><strong>65.</strong></span> <span class='ocrx_word' id='word_1_321' title='bbox 1196 3738 1233 3753; x_wconf 86' lang='lat'><strong>·-</strong></span> 
     </span>
     <span class='ocr_line' id='line_1_34' title="bbox 182 3797 1238 3872; baseline -0.001 -19"><span class='ocrx_word' id='word_1_322' title='bbox 182 3799 336 3869; x_wconf 80' lang='lat' dir='ltr'><strong>fervorne]</strong></span> <span class='ocrx_word' id='word_1_323' title='bbox 357 3798 492 3868; x_wconf 75' lang='lat' dir='ltr'><strong>fervorne</strong></span> <span class='ocrx_word' id='word_1_324' title='bbox 515 3801 563 3872; x_wconf 83' lang='lat' dir='ltr'><strong>Lg.</strong></span> <span class='ocrx_word' id='word_1_325' title='bbox 589 3801 632 3856; x_wconf 88' lang='grc'><strong>65.</strong></span> <span class='ocrx_word' id='word_1_326' title='bbox 653 3801 694 3856; x_wconf 92' lang='grc'><strong>76.</strong></span> <span class='ocrx_word' id='word_1_327' title='bbox 729 3801 834 3871; x_wconf 82' lang='lat' dir='ltr'><strong>ferror</strong></span> <span class='ocrx_word' id='word_1_328' title='bbox 849 3805 990 3855; x_wconf 79' lang='lat' dir='ltr'><strong>cernendis</strong></span> <span class='ocrx_word' id='word_1_329' title='bbox 1012 3801 1037 3854; x_wconf 92' lang='grc'><strong>6.</strong></span> <span class='ocrx_word' id='word_1_330' title='bbox 1056 3827 1094 3853; x_wconf 75' lang='grc'><strong>-,</strong></span> <span class='ocrx_word' id='word_1_331' title='bbox 1122 3797 1172 3863; x_wconf 79' lang='lat' dir='ltr'><strong>un]</strong></span> <span class='ocrx_word' id='word_1_332' title='bbox 1197 3806 1238 3847; x_wconf 73' lang='grc' dir='ltr'><strong>αι’·</strong></span> 
     </span>
     <span class='ocr_line' id='line_1_35' title="bbox 185 3879 1232 3957; baseline -0.002 -20"><span class='ocrx_word' id='word_1_333' title='bbox 185 3885 236 3956; x_wconf 72' lang='lat' dir='ltr'><strong>hg.</strong></span> <span class='ocrx_word' id='word_1_334' title='bbox 258 3883 299 3937; x_wconf 92' lang='grc'><strong>17.</strong></span> <span class='ocrx_word' id='word_1_335' title='bbox 328 3890 382 3937; x_wconf 83' lang='lat' dir='ltr'><strong>uui</strong></span> <span class='ocrx_word' id='word_1_336' title='bbox 400 3884 442 3938; x_wconf 88' lang='grc'><strong>76.</strong></span> <span class='ocrx_word' id='word_1_337' title='bbox 460 3915 495 3925; x_wconf 91' lang='lat'><em>-</em></span> <span class='ocrx_word' id='word_1_338' title='bbox 522 3888 640 3956; x_wconf 81' lang='lat' dir='ltr'><strong>quique]</strong></span> <span class='ocrx_word' id='word_1_339' title='bbox 660 3891 712 3956; x_wconf 82' lang='lat' dir='ltr'><strong>qui</strong></span> <span class='ocrx_word' id='word_1_340' title='bbox 729 3904 796 3940; x_wconf 82' lang='lat' dir='ltr'><strong>eum</strong></span> <span class='ocrx_word' id='word_1_341' title='bbox 814 3886 864 3957; x_wconf 81' lang='lat' dir='ltr'><strong>Lg.</strong></span> <span class='ocrx_word' id='word_1_342' title='bbox 884 3886 926 3943; x_wconf 88' lang='grc'><strong>35.</strong></span> <span class='ocrx_word' id='word_1_343' title='bbox 946 3885 989 3939; x_wconf 86' lang='grc'><strong>65.</strong></span> <span class='ocrx_word' id='word_1_344' title='bbox 1007 3885 1049 3938; x_wconf 90' lang='grc'><strong>67.</strong></span> <span class='ocrx_word' id='word_1_345' title='bbox 1068 3883 1112 3956; x_wconf 82' lang='grc'><strong>60.</strong></span> <span class='ocrx_word' id='word_1_346' title='bbox 1129 3881 1170 3934; x_wconf 87' lang='grc'><strong>70.</strong></span> <span class='ocrx_word' id='word_1_347' title='bbox 1191 3879 1232 3935; x_wconf 89' lang='grc'><strong>73.</strong></span> 
     </span>
     <span class='ocr_line' id='line_1_36' title="bbox 184 3962 1235 4038; baseline -0.005 -17"><span class='ocrx_word' id='word_1_348' title='bbox 184 3969 226 4022; x_wconf 93' lang='grc'><strong>76.</strong></span> <span class='ocrx_word' id='word_1_349' title='bbox 242 3968 284 4022; x_wconf 81' lang='lat'><strong>81.</strong></span> <span class='ocrx_word' id='word_1_350' title='bbox 298 3967 341 4021; x_wconf 85' lang='grc'><strong>84.</strong></span> <span class='ocrx_word' id='word_1_351' title='bbox 352 3967 395 4022; x_wconf 88' lang='grc'><strong>86.</strong></span> <span class='ocrx_word' id='word_1_352' title='bbox 408 3969 452 4024; x_wconf 84' lang='grc'><strong>03.</strong></span> <span class='ocrx_word' id='word_1_353' title='bbox 471 3970 542 4025; x_wconf 76' lang='lat' dir='ltr'><strong>Vter.</strong></span> <span class='ocrx_word' id='word_1_354' title='bbox 564 3971 615 4025; x_wconf 85' lang='lat' dir='ltr'><strong>Gn.</strong></span> <span class='ocrx_word' id='word_1_355' title='bbox 629 3971 654 4026; x_wconf 89' lang='grc'><strong>2.</strong></span> <span class='ocrx_word' id='word_1_356' title='bbox 675 3990 709 4025; x_wconf 79' lang='lat' dir='ltr'><strong>en</strong></span> <span class='ocrx_word' id='word_1_357' title='bbox 727 3969 799 4026; x_wconf 82' lang='lat' dir='ltr'><strong>maie</strong></span> <span class='ocrx_word' id='word_1_358' title='bbox 815 3971 954 4024; x_wconf 85' lang='lat' dir='ltr'><strong>intellecto</strong></span> <span class='ocrx_word' id='word_1_359' title='bbox 971 3986 1016 4038; x_wconf 79' lang='lat' dir='ltr'><strong>qq.</strong></span> <span class='ocrx_word' id='word_1_360' title='bbox 1035 3995 1071 4009; x_wconf 76' lang='lat'>—</span> <span class='ocrx_word' id='word_1_361' title='bbox 1089 3962 1235 4019; x_wconf 81' lang='lat' dir='ltr'><strong>mentibus</strong></span> 
     </span>
     <span class='ocr_line' id='line_1_37' title="bbox 185 4046 1237 4126; baseline -0.006 -20"><span class='ocrx_word' id='word_1_362' title='bbox 185 4054 349 4121; x_wconf 71' lang='lat' dir='ltr'><strong>comtent]</strong></span> <span class='ocrx_word' id='word_1_363' title='bbox 366 4054 422 4107; x_wconf 77' lang='lat' dir='ltr'><strong>inu.</strong></span> <span class='ocrx_word' id='word_1_364' title='bbox 441 4053 490 4126; x_wconf 84' lang='lat' dir='ltr'><strong>Lg.</strong></span> <span class='ocrx_word' id='word_1_365' title='bbox 510 4047 553 4109; x_wconf 83' lang='grc'><strong>60.</strong></span> <span class='ocrx_word' id='word_1_366' title='bbox 572 4057 616 4111; x_wconf 85' lang='grc'><strong>03,</strong></span> <span class='ocrx_word' id='word_1_367' title='bbox 635 4088 665 4100; x_wconf 81' lang='lat'><strong>-</strong></span> <span class='ocrx_word' id='word_1_368' title='bbox 690 4056 802 4124; x_wconf 81' lang='lat' dir='ltr'><strong>uolunt]</strong></span> <span class='ocrx_word' id='word_1_369' title='bbox 821 4055 891 4109; x_wconf 85' lang='lat' dir='ltr'><strong>haec</strong></span> <span class='ocrx_word' id='word_1_370' title='bbox 909 4046 994 4122; x_wconf 86' lang='lat' dir='ltr'><strong>usque</strong></span> <span class='ocrx_word' id='word_1_371' title='bbox 1011 4053 1047 4105; x_wconf 84' lang='lat' dir='ltr'><strong>ud</strong></span> <span class='ocrx_word' id='word_1_372' title='bbox 1062 4053 1163 4120; x_wconf 83' lang='lat' dir='ltr'><strong>potius</strong></span> <span class='ocrx_word' id='word_1_373' title='bbox 1181 4066 1237 4102; x_wconf 75' lang='lat' dir='ltr'><strong>om.</strong></span> 
     </span>
     <span class='ocr_line' id='line_1_38' title="bbox 184 4135 883 4209; baseline 0.003 -18"><span class='ocrx_word' id='word_1_374' title='bbox 184 4137 237 4208; x_wconf 75' lang='lat' dir='ltr'><strong>hg.</strong></span> <span class='ocrx_word' id='word_1_375' title='bbox 255 4136 300 4192; x_wconf 80' lang='lat'><strong>65.</strong></span> <span class='ocrx_word' id='word_1_376' title='bbox 319 4140 355 4181; x_wconf 60' lang='grc' dir='ltr'><strong>μὲ</strong></span> <span class='ocrx_word' id='word_1_377' title='bbox 379 4139 530 4208; x_wconf 79' lang='lat' dir='ltr'><strong>accedere]</strong></span> <span class='ocrx_word' id='word_1_378' title='bbox 549 4140 694 4208; x_wconf 80' lang='lat' dir='ltr'><strong>adcedere</strong></span> <span class='ocrx_word' id='word_1_379' title='bbox 712 4138 761 4209; x_wconf 74' lang='lat' dir='ltr'><strong>bg.</strong></span> <span class='ocrx_word' id='word_1_380' title='bbox 779 4137 822 4194; x_wconf 88' lang='grc'><strong>67.</strong></span> <span class='ocrx_word' id='word_1_381' title='bbox 841 4135 883 4201; x_wconf 87' lang='grc'><strong>70.</strong></span> 
     </span>
    </p>
   </div>
   <div class='ocr_carea' id='block_1_14' title="bbox 0 0 1499 4602">
    <p class='ocr_par' dir='ltr' id='par_1_16' title="bbox 0 0 1499 4602">
     <span class='ocr_line' id='line_1_39' title="bbox 0 0 1499 4602; baseline 0 0"><span class='ocrx_word' id='word_1_382' title='bbox 0 0 1499 4602; x_wconf 95' lang='lat' dir='ltr'><strong> </strong></span> 
     </span>
    </p>
   </div>
  </div>
 </body>
</html>
