2876 4612
246 303 342 377 m
481 358 486 364 .
555 356 559 363 .
644 295 914 367 (1161180618-

248 469 336 539 uma
356 467 584 554 dithyrumhus,
610 470 699 537 cuim
723 467 865 534 membru
888 477 920 532 et
940 467 1053 554 pedes,
1080 477 1115 533 ut
1135 468 1181 534 ait
1203 469 1322 546 idem,

250 598 322 656 sunt
341 588 375 652 iu
396 587 480 653 omni
496 584 646 672 locupleti
667 587 809 652 oratione
832 583 955 650 ‹liliusa
987 583 1027 651 Et
1047 587 1076 651 si
1096 606 1321 653 numerosum

251 715 302 775 ost
320 707 354 770 in
375 703 518 772 omnihus
544 705 633 769 sonis
655 713 747 789 utque
768 702 900 768 vocibus
921 701 1004 787 quod
1026 702 1122 769 labet
1144 705 1320 789 quasdam

251 823 477 910 inpressiones
503 831 535 886 et
556 821 640 906 quod
665 821 768 886 metiri
788 836 954 907 possumus
980 821 1157 886 intervallis
1180 841 1318 907 aequa-

251 940 363 1023 16666
386 950 472 1006 recte
498 958 599 1024 genus
624 938 686 1004 lroc
711 956 922 1014 numerorum,
955 938 1121 1004 dummodo
1155 959 1196 1004 ue
1226 959 1318 1005 curr-

198 1062 201 1067 ’
252 1060 370 1125 tinuum
401 1058 455 1134 sit,
486 1057 520 1121 in
551 1056 703 1122 orationis
733 1053 828 1120 laude
853 1064 995 1140 ponetur.
1047 1053 1129 1125 Nam
1157 1059 1186 1120 si
1212 1056 1313 1121 ruiis

198 1234 203 1243 .
254 1184 286 1240 et
317 1171 459 1259 impolita
489 1173 627 1260 putanda
653 1182 702 1238 ost
733 1171 792 1237 illa
822 1174 891 1236 sine
917 1172 1096 1238 intervallis
1123 1152 1309 1258 loquacitas

219 1302 221 1309 ’
255 1293 412 1380 peremnis
433 1300 464 1357 et
479 1289 646 1378 profluens,
668 1289 741 1376 quid
764 1299 811 1355 esi
834 1288 920 1354 aliud
940 1308 1061 1358 causae
1084 1309 1141 1355 cur
1160 1290 1331 1375 6666116--

256 1419 320 1487 tur,
345 1410 409 1473 nisi
431 1409 513 1494 quod
535 1407 693 1473 lominum
712 1406 841 1472 auribus
862 1426 973 1472 uocem
993 1417 1108 1472 natura
1128 1407 1311 1473 modulatur

257 1530 350 1614 ipsal
377 1525 461 1611 quod
485 1524 567 1603 fieri,
596 1508 660 1590 nisi
686 1525 769 1590 inest
793 1543 939 1589 numerus
966 1525 1000 1588 in
1025 1544 1119 1601 voce,
1146 1545 1218 1590 non.
1235 1535 1307 1611 pot-

258 1652 316 1710 est
371 1641 443 1708 186.
474 1640 627 1708 Numerus
655 1651 756 1708 autem
785 1642 819 1707 in
844 1642 1076 1742 continuatione
1106 1641 1212 1724 nullus
1239 1652 1308 1718 est;

259 1761 418 1827 distinctio
445 1768 476 1826 et
502 1759 681 1846 aequalium
708 1766 739 1824 et
765 1778 861 1846 saepe
886 1760 1045 1841 rariorum
1071 1758 1306 1825 intervallorum

259 1880 423 1966 percussio
449 1897 609 1944 numerum
636 1876 777 1955 conicit3
809 1896 899 1963 quem
930 1877 963 1940 in
990 1875 1174 1942 cadentibus
1197 1880 1308 1961 guttis,

260 1994 345 2081 quod
364 1993 540 2059 intervallis
562 1993 805 2077 distinguuntur,
826 2002 936 2060 notare
958 1977 1139 2079 possumus,
1167 1996 1200 2058 in
1223 1996 1307 2059 amni

260 2112 485 2199 praecipitante
511 2097 771 2196 non'possumus.
816 2108 909 2188 Quod
930 2111 959 2176 si
981 2111 1171 2176 continuatio
1193 2111 1306 2177 uerbo-

260 2247 328 2295 rum
348 2226 429 2294 haec
451 2226 555 2294 soluta
576 2227 670 2294 multo
693 2236 742 2292 est
764 2228 866 2316 aptior
887 2237 979 2315 atque
1001 2228 1179 2307 iucundior,
1209 2231 1237 2295 si
1259 2239 1308 2294 est

263 2446 315 2518 Lg.
334 2445 359 2501 6.
393 2443 530 2520 plehrior
548 2449 564 2500 4
583 2445 660 2516 (sic);
685 2454 747 2499 orto
764 2445 834 2499 haec
859 2463 893 2500 ex
913 2437 1078 2517 compendio
1096 2445 1233 2499 scribendi
1254 2462 1309 2498 non

262 2532 402 2586 intellecto
420 2531 567 2604 66166-
595 2530 744 2602 effloruit]
763 2532 904 2602 emtiomeit
926 2531 977 2604 Lg.
994 2533 1019 2587 5.
1038 2532 1065 2586 6.
1085 2532 1125 2584 16.
1147 2530 1187 2584 16.
1207 2529 1248 2584 17.
1266 2530 1309 2583 61.

264 2615 307 2672 65.
332 2616 373 2671 70.
398 2616 440 2671 73.
464 2617 505 2670 76.
530 2615 562 2668 81
582 2632 653 2668 corr.
676 2613 719 2669 84.
743 2614 786 2670 86.
812 2615 883 2670 Vlct.
910 2617 961 2670 Gn.
982 2617 1022 2683 1.,
1049 2616 1123 2684 qnod
1148 2615 1309 2668 commendo

16 2665 24 2683 ι
143 2720 146 2725 ·
265 2700 432 2770 antiquariis.
450 2728 485 2743 -
506 2698 725 2769 dithyrambos]
744 2699 869 2764 iambus,
888 2700 1039 2754 diiambus
1055 2700 1107 2771 Lg.
1121 2701 1147 2752 4.
1163 2699 1188 2752 6.
1209 2699 1249 2753 lt.
1266 2698 1309 2752 63.

265 2784 303 2839 de
320 2784 484 2839 titionibus
501 2785 552 2839 Gn.
566 2784 591 2838 3.
603 2812 638 2824 -
658 2784 782 2853 diffusa]
800 2784 908 2854 diffuse
924 2804 946 2840 s.
965 2783 1309 2855 4111666615636163.

263 2869 306 2924 65.
326 2868 369 2924 67.
391 2869 432 2924 76.
456 2869 494 2923 ita
517 2886 588 2923 corr.
609 2868 648 2923 17.
671 2869 713 2923 36.
751 2869 857 2939 diffusi
879 2870 980 2925 1416.
1003 2871 1045 2924 66.
1062 2870 1109 2924 76.
1128 2869 1170 2923 73.
1187 2897 1222 2910 --
1249 2870 1311 2936 esi]

265 2952 338 3021 quod
356 2955 434 3021 sequi
451 2953 536 3018 solet,
555 2953 603 3016 oi,
622 2954 717 3007 sustuli
736 2963 851 3025 propter
866 2953 950 3008 fldem
969 2953 1118 3024 coddglg.
1141 2963 1251 3024 praeter
1262 2953 1309 3024 81.

261 3034 307 3089 84.
326 3037 443 3089 omnium
460 3037 525 3088 item
546 3036 597 3090 Gn.
614 3037 639 3090 3.
658 3067 693 3077 —-
719 3040 869 3110 impolita]
888 3039 1010 3093 indocta
1029 3039 1089 3092 lere
1106 3038 1156 3110 ug.
1177 3038 1309 3108 plerique,

265 3121 330 3174 item
343 3119 415 3173 Vict.
434 3119 486 3174 Gn.
501 3120 523 3175 l.
536 3119 561 3175 6.
581 3120 670 3173 Huvn.
685 3121 708 3174 l.
719 3124 744 3175 6.
757 3130 781 3190 β.
793 3143 820 3192 y.
834 3125 859 3179 6,.
878 3132 905 3178 et
923 3124 985 3178 edel.
1001 3141 1089 3193 nsque
1106 3123 1141 3175 ad
1154 3122 1308 3176 Gruterum.

265 3205 322 3259 Sed
339 3204 477 3277 impolita
493 3203 544 3276 Lg.
560 3205 577 3258 6
595 3205 734 3278 (impul).
755 3207 795 3261 13.
814 3208 857 3262 36.
875 3209 917 3263 36,
942 3208 994 3262 Gn.
1012 3209 1037 3263 3.
1061 3206 1122 3277 Pal.
1138 3207 1162 3261 l.
1178 3207 1204 3260 6.
1224 3205 1308 3259 Mem.

265 3290 359 3361 (VSt.)
381 3288 455 3344 Pith.
478 3288 537 3345 Erl.
564 3290 616 3345 Gn.
635 3289 660 3345 3.
687 3299 715 3344 et
732 3292 815 3362 vulgo
834 3301 897 3363 post
914 3292 1068 3347 Gruterum.
1088 3319 1124 3334 ν-
1147 3291 1310 3364 memsuis}

264 3372 401 3448 perennio
418 3373 469 3444 Lg.
484 3375 508 3430 5.
522 3374 548 3430 6.
569 3375 610 3429 14.
630 3374 670 3430 15.
689 3374 731 3428 61.
749 3374 792 3430 63.
810 3378 852 3431 36.
873 3377 916 3433 36.
932 3376 974 3432 73.
990 3378 1031 3431 76.
1051 3376 1102 3431 Gn.
1120 3375 1142 3430 l.
1163 3375 1258 3430 Lamo.
1276 3375 1309 3428 al.

264 3458 421 3531 perhennis
440 3458 492 3512 Gn.
503 3458 528 3513 3.
540 3489 576 3500 -
595 3458 747 3513 hominum
763 3460 884 3515 auribus
900 3478 1000 3515 uocem
1014 3467 1126 3514 natura
1139 3460 1310 3515 madidetur

266 3542 345 3615 ipsa]
370 3542 409 3595 sic
427 3542 537 3610 Ursini,
561 3545 584 3598 si
602 3545 648 3598 ulli
664 3544 788 3611 inerunt,
809 3547 888 3600 rodel
907 3545 980 3601 Pith.
1000 3544 1086 3600 Mem.
1106 3562 1166 3599 erc.
1185 3547 1210 3599 6.
1232 3544 1308 3615 prola.

265 3625 384 3680 Pearcio
408 3628 557 3681 secundnm
580 3627 635 3683 cte.
660 3626 711 3692 01.
731 3629 779 3695 18,
801 3630 843 3684 58.
879 3630 1055 3700 Recepernnt
1070 3629 1137 3683 Solu.
1157 3626 1207 3683 Or.
1226 3629 1309 3684 lleur.

266 3711 327 3765 Hoc
350 3729 421 3765 nunc
445 3712 600 3782 plenissime
623 3711 997 3784 lismatrrrLg.l.13.23.,
1020 3722 1168 3784 praeterea
1191 3712 1311 3767 uteribus

24 3827 33 3835 ·
142 3802 144 3807 ’
265 3796 307 3851 64.
332 3795 367 3849 36
388 3813 458 3851 corr.
483 3801 575 3850 auris.
613 3796 764 3851 iuncinum
787 3814 889 3852 uocem
911 3805 1022 3852 natura
1047 3797 1220 3852 modulatur
1244 3802 1310 3869 ipso

264 3881 332 3949 VSt.
350 3878 446 3933 [lamb.
481 3879 559 3934 hom.
578 3898 668 3935 aures
683 3886 785 3935 vocem
801 3889 912 3937 natura
927 3883 1120 3939 modulantur·
1137 3886 1205 3961 ipsa
1222 3881 1273 3953 Lg.
1285 3881 1310 3936 6.

265 3966 330 4034 (nisi
348 3964 421 4032 qnod
439 3967 544 4031 auris).
561 3964 650 4019 liavn.
666 3964 690 4019 l.
708 3966 779 4021 Viot.
798 3965 876 4022 Man.
896 3968 993 4038 Steph.
1012 3968 1090 4023 Grnt.
1127 3967 1204 4022 hom.
1224 3983 1311 4020 aures

265 4065 364 4100 uocem
381 4054 508 4100 murae
524 4047 634 4100 modul.
646 4040 738 4118 ¹ipsae
754 4049 845 4105 Havn.
860 4052 889 4106 6.»
903 4052 974 4107 Patr.
992 4052 1170 4122 posteriores,
1188 4050 1310 4120 plerique

266 4127 322 4185 Ox.
341 4131 434 4198 (etiam
448 4130 484 4200 ψ)
502 4130 565 4185 66161.
585 4130 721 4199 antiquiss.
741 4130 792 4202 Lg.
808 4134 944 4205 plerique,
961 4137 1013 4190 nisi
1031 4136 1105 4206 quod
1121 4139 1190 4208 ipsa
1208 4151 1310 4200 ornnes,
