2938 4590
383 311 442 382 DE
470 310 699 382 0116101111
726 311 911 383 siusuli
931 312 986 383 itt.
1114 314 1211 391 Μ

166 486 204 555 Si
228 487 434 568 suuistrmus
459 486 495 551 iu
517 485 632 567 populi
656 485 797 550 llumuui
822 502 886 550 eus
911 494 1062 567 potestus
1092 487 1210 563 duest,

168 606 244 688 quid
258 602 444 670 Norbanum
459 620 600 673 accusas.
623 605 713 701 ouius
731 576 910 669 tribunatus
927 603 1085 669 66166661
1097 596 1213 686 paruit

59 731 63 743 ’
104 804 107 809 ⁴
168 722 332 788 siuitutisi’
373 719 447 786 168.
480 716 528 786 Ex
552 728 642 806 parts
670 728 773 787 autem
799 739 854 797 66,
887 739 968 806 quus
995 729 1044 786 est
1069 720 1212 788 subistis

168 839 295 923 senen:
324 837 361 904 Si
382 855 499 912 usuum,
523 840 578 920 uui
599 838 809 919 reipublicae
830 839 1009 913 consulunt,
1032 841 1101 905 cui
1121 841 1212 904 nudis

168 974 232 1033 eus
255 957 378 1031 delmi,
409 965 490 1021 muts
519 957 554 1020 iu
575 957 692 1037 primis
719 957 939 1037 imperatores,
973 975 1110 1039 quorum
1134 975 1211 1022 666-
1256 980 1260 985 ·
1311 1020 1315 1027 ,

165 1074 247 1139 siliis
273 1077 390 1140 v'rtuts
411 1073 564 1156 periculis
594 1076 763 1138 retinemus
793 1084 823 1139 et
848 1057 994 1138 usurum
1017 1075 1156 1139 sumus
1182 1084 1212 1141 u

164 1193 291 1273 imperii
324 1192 517 1273 diuuitutem.
550 1226 552 1229 v
581 1185 629 1254 Ex
662 1189 864 1255 similitudine
896 1200 1020 1256 sutum:
1058 1190 1095 1257 Si
1124 1193 1212 1274 ium

160 1319 278 1392 partus
309 1326 385 1373 suos
416 1309 567 1390 diliuuut,
604 1325 668 1391 qua
699 1326 758 1372 uos
788 1310 824 1373 iu
856 1308 969 1373 liberos
1000 1319 1128 1374 nostros
1158 1311 1211 1374 in-

162 1428 326 1508 dulqeutiu
347 1444 411 1490 usse
431 1426 603 1491 delemus?
647 1422 720 1489 166.
745 1422 789 1490 At
810 1444 850 1490 ex
871 1424 1144 1491 dissimilitudine:
1174 1424 1212 1491 Si
1229 1494 1232 1502 ,

162 1545 376 1631 barbarorum
404 1553 449 1609 est
473 1545 510 1608 iu
535 1543 617 1606 diem
642 1543 764 1614 uiuere,
799 1553 912 1607 nostru
937 1545 1071 1609 consiliu
1096 1545 1211 1625 sempi-

163 1660 291 1728 turuum
307 1671 426 1742 tempus
448 1669 586 1742 spectare
603 1659 721 1723 debent.
764 1656 867 1744 Atque
888 1668 1018 1744 utruque
1040 1661 1073 1724 in
1093 1679 1211 1744 genero

163 1786 198 1844 st
220 1775 433 1843 similitudinis
458 1786 490 1843 st
511 1774 776 1842 dissimilitudinis
802 1775 946 1864 exempla
971 1786 1042 1841 sunt
1068 1796 1108 1842 ex
1130 1774 1212 1843 uliu-

163 2011 305 2084 vulgstum
327 2018 395 2068 suni
418 2011 527 2069 correxi
548 2014 698 2069 secuudum
720 2012 771 2086 13.
789 2011 815 2069 1.
834 2013 860 2068 4.
878 2012 903 2067 5.
925 2012 965 2067 13.
986 2011 1026 2071 14.
1047 2012 1088 2068 lli.
1106 2014 1146 2069 16
1167 2012 1210 2070 17.

163 2097 209 2152 16.
228 2097 271 2153 11.
294 2097 336 2154 14.
358 2098 400 2155 31.
424 2099 468 2155 35.
493 2098 536 2155 36.
559 2099 603 2154 65.
624 2098 668 2153 66.
692 2098 734 2154 76.
758 2098 800 2156 73.
825 2098 867 2154 76.
891 2096 933 2153 86.
958 2097 1001 2155 63.
1029 2098 1068 2153 ltu
1091 2115 1163 2154 cors.
1182 2100 1209 2154 3.

163 2184 228 2238 Alis
246 2183 375 2237 hieratio
394 2202 428 2238 66
442 2202 534 2255 supra.
569 2184 609 2239 lbi
625 2184 697 2239 enlm
716 2184 867 2254 generatim
884 2181 1010 2236 delinitio
1027 2184 1138 2253 ponitur
1154 2200 1210 2237 nou

163 2268 280 2322 admista
301 2269 440 2338 loquentis
466 2269 686 2334 existimatione3
714 2264 759 2335 1116
785 2275 901 2339 perunte
926 2265 1112 2338 significantur
1139 2283 1211 2336 quus

163 2352 266 2407 dicenti
283 2353 429 2407 videantur
445 2370 481 2406 ex
499 2370 589 2407 rernm
607 2353 697 2407 causis
710 2351 799 2406 fluere
816 2353 997 2421 36161666-
1023 2352 1210 2421 quaeremus]

165 2440 338 2508 quaerimus
353 2435 405 2508 113.
424 2437 467 2493 76.
1187 2471 1193 2481 ·

167 2568 169 2574 ·
252 2538 313 2595 XL.
351 2538 409 2596 167.
444 2556 483 2594 en
506 2540 681 2613 suuiuuctis]
705 2539 742 2593 de
765 2540 932 2608 couiuqaiis
957 2536 1076 2609 Lg.,15.
1101 2535 1142 2593 16.
1169 2537 1211 2593 76.

165 2627 210 2681 73.
232 2625 275 2679 86.
305 2623 343 2678 ltu
366 2640 426 2679 var.
449 2623 475 2679 1.
497 2655 532 2664 -
565 2624 722 2692 dusuuiur]
755 2622 916 2694 quemmtur
939 2622 1085 2676 discuntur
1114 2621 1164 2693 ug.
1185 2622 1211 2678 4.

165 2715 328 2782 queruntur
352 2708 391 2764 14
427 2709 574 2769 dicuutur.
587 2708 629 2765 66.
643 2708 696 2773 63.
731 2705 1065 2774 4666616666.1.3.,
1089 2706 1212 2761 sirecte
1292 2750 1298 2765 .

165 2795 285 2850 66611616
307 2794 343 2848 ds
363 2794 473 2865 prium
499 2801 639 2847 enotutum
662 2794 733 2847 6666
757 2794 842 2847 vislsu
868 2792 1029 2856 ductantur,
1056 2789 1130 2861 quod
1149 2790 1214 2861 quin

165 2898 227 2935 cum
250 2879 362 2950 vulgatu
389 2878 534 2945 convenit,
565 2886 612 2932 sut
641 2878 789 2933 ducuntur
813 2886 861 2932 sut
883 2878 1029 2947 ,uisuntur
1055 2875 1213 2948 significare

165 2967 263 3036 potuit.
281 2992 318 3007 -
347 2969 411 3017 ium
429 2964 493 3036 pie]
517 2969 581 3017 tum
603 2980 656 3017 om.
681 2962 731 3035 ng.
754 2963 779 3017 1.
815 2962 914 3033 iuuere
933 2969 998 3016 tum
1016 2965 1066 3033 pie
1087 2961 1130 3017 66.
1165 2965 1213 3015 iia

87 3108 91 3114 ,
160 3053 215 3123 pis
230 3049 274 3103 84.
294 3051 350 3121 pie
368 3064 421 3103 om.
436 3049 479 3104 67.
496 3049 538 3103 76.
549 3076 588 3115 ··,
604 3047 745 3115 uideatis]
763 3048 871 3101 uidetis
888 3047 979 3104 (16.3.
1000 3078 1031 3088 -
1046 3048 1211 3119 potestate]

165 3134 278 3206 ponitur
293 3142 358 3188 unte
369 3133 479 3205 pupuli
499 3134 527 3186 ln
546 3131 596 3204 13.
613 3133 639 3188 6.
656 3131 699 3188 84.
725 3150 778 3187 um.
799 3132 851 3187 66.
871 3132 893 3186 1.
911 3162 945 3171 -
971 3149 1036 3186 esse
1050 3132 1212 3204 potestate]

165 3220 206 3274 sic
221 3219 324 3273 inverti
341 3227 450 3273 secutus
466 3216 515 3289 hg.
535 3235 630 3271 omnes
648 3226 759 3287 praeter
775 3216 801 3273 6.
821 3216 863 3272 13.
881 3216 924 3275 31.
943 3216 984 3270 73.
1001 3217 1044 3272 81.
1063 3218 1122 3285 84.,
1147 3218 1211 3272 item

164 3303 236 3360 vict.
261 3303 314 3358 Gn.
330 3301 356 3359 3.
372 3330 410 3344 κ-
437 3303 574 3371 accusas]
591 3302 721 3356 uduusus
738 3300 789 3372 hg.
807 3301 849 3355 65.
868 3301 910 3356 67.
930 3301 972 3357 76.
992 3301 1034 3356 73.
1051 3298 1095 3357 86.

252 3391 310 3448 168.
339 3396 384 3445 esi
401 3389 533 3445 subiecta
545 3390 659 3462 966611]
677 3387 750 3465 sudi.
767 3391 869 3460 uoueri
883 3394 952 3442 suut
971 3387 1022 3442 (16.
1040 3389 1062 3440 1.
1095 3394 1140 3442 esi
1158 3405 1211 3444 otu.

140 3526 145 3540 „
167 3476 316 3533 (16.1-
347 3476 460 3544 munes]
482 3479 579 3530 omnis
601 3473 652 3545 hg.
674 3474 714 3528 13.
738 3472 782 3528 36.
806 3504 838 3513 -
869 3472 964 3540 uubis]
989 3471 1075 3527 uubis
1098 3472 1150 3545 Lg.
1171 3474 1212 3528 13.

165 3562 209 3618 36.
225 3562 269 3616 84.
287 3579 340 3617 οι.
356 3560 398 3623 76.
410 3589 447 3601 -
464 3562 539 3638 esse]
557 3558 675 3630 666163.
692 3557 733 3612 13.
750 3586 787 3600 -
806 3560 837 3612 iu
849 3558 975 3629 primis]
990 3557 1031 3610 sic
1048 3556 1099 3629 Lg.
1116 3575 1213 3612 omnes

165 3653 276 3716 praeter
292 3646 335 3702 36.
351 3645 394 3703 66.
413 3646 456 3701 76.
472 3644 530 3710 86.,
549 3646 595 3715 qui
614 3646 774 3715 imprimis.
791 3669 828 3683 —
853 3642 1007 3715 periculis]
1027 3649 1057 3696 ei
1067 3644 1214 3716 periculis
1289 3688 1300 3697 .

166 3728 259 3801 qui.
276 3759 311 3772 -
337 3730 532 3802 iudulqeuiiu]
550 3737 616 3783 unte
633 3726 741 3782 liberos
759 3727 870 3798 ponitur
887 3727 915 3780 16
932 3725 983 3798 13.
1001 3727 1045 3783 84.

251 3816 310 3873 166.
345 3819 396 3885 ui]
421 3834 458 3871 66
480 3815 533 3887 113.
551 3814 594 3870 uu.
613 3814 655 3869 76.
675 3846 706 3856 -
736 3815 991 3883 dissimilitudine]
1016 3816 1214 3871 similitudine

165 3900 215 3974 13.
230 3902 320 3975 17.,·-·
340 3905 372 3959 its
382 3902 477 3970 diem]
495 3904 527 3954 iu
539 3900 604 3954 dies
621 3899 670 3971 13.
685 3900 727 3955 16.
755 3899 971 3956 1661166681.»-
987 3902 1212 3973 sempiternum]

165 3991 348 4060 sempitmsu
364 3986 416 4063 13.
431 3985 472 4040 14.
490 3980 533 4040 13.
564 3990 596 4040 iu
613 3989 795 4058 sempiterna
812 3986 845 4039 81
859 4004 929 4041 sorr.
945 3985 990 4040 84.
1015 3985 1067 4040 Gu.
1084 3985 1107 4040 1.
1131 4001 1158 4039 v.
1171 3985 1213 4039 ud

65 4140 70 4146 „
166 4069 199 4128 it
216 4071 340 4140 17,114.
374 4070 405 4125 ln
428 4071 527 4125 ceteris
545 4070 611 4125 meis
631 4074 663 4125 iu
681 4085 736 4124 666
758 4079 808 4126 est.
824 4098 861 4115 -
892 4069 991 4139 atque]
1014 4074 1048 4121 ut
1072 4068 1122 4137 Lg.
1141 4069 1167 4123 1.
1186 4068 1213 4122 6.

151 4155 210 4214 ’13.
222 4156 265 4215 31.
276 4156 320 4214 36.
342 4155 396 4213 Gn.
409 4155 435 4210 3.
463 4172 519 4228 qus
531 4157 659 4211 omissum
676 4163 719 4210 est
736 4164 851 4226 propter
863 4154 1018 4223 proximum
1032 4155 1165 4217 utroque.
1177 4173 1213 4187 -
