2942 4608
401 312 461 380 nn
489 298 717 419 onerose
743 285 926 382 insen.
948 315 1000 384 es.
1120 306 1218 392 m
1263 330 1267 335 ·

174 484 308 552 booiosa
334 493 387 550 aut
406 482 586 570 periculosa
609 490 662 549 aut
683 492 768 550 eerte
789 485 935 568 gratita
979 481 1102 570 blag'na
1122 487 1219 552 etiarn

174 599 236 668 illa
255 602 326 669 lans
347 612 379 669 et
400 598 596 667 admirabilis
616 599 718 667 videri
739 600 822 667 solet
843 600 952 668 tulisse
972 609 1070 669 basus
1092 604 1218 690 sapien
1300 652 1304 657 »

107 807 110 813 Ι
172 731 224 786 ter
238 719 389 787 adversos
409 737 473 785 non
489 718 622 787 tractum
643 738 716 785 esse
737 719 863 786 senuna
883 721 1051 786 retinuisse
1072 722 1106 786 in
1121 720 1235 788 rebus

169 839 296 924 asperis
323 837 514 921 dignitatern.
564 834 640 904 347.
668 834 777 923 Neque
803 847 908 903 tannen
933 837 992 903 ille
1016 857 1080 904 non
1106 848 1218 905 ornant

168 955 273 1022 babiti
298 954 435 1021 bonores
462 954 590 1022 decreta
613 956 736 1021 viantis
757 956 900 1042 praemia
924 974 977 1022 tes
997 964 1109 1040 gestae
1136 957 1217 1023 iudi-

168 1075 234 1140 ciis
260 1071 418 1140 bominum
444 1071 681 1159 conprobetae3
712 1068 884 1159 inquibus
913 1075 1008 1138 etiarn
1021 1073 1216 1149 ¹felicitatem

164 1195 276 1279 ipsam
297 1190 425 1256 deorum
439 1190 666 1256 inmortalium
686 1191 804 1288 iudieio
825 1191 918 1257 tribui
944 1191 1135 1258 laudationis
1158 1201 1216 1259 est

165 1307 354 1374 Sumendae
381 1317 484 1374 wan
509 1328 562 1374 res
583 1302 752 1403 eruntaut'
772 1309 985 1395 magnitudine
1005 1308 1216 1397 praestabiles

164 1436 228 1493 ent
252 1428 389 1492 novitate
415 1427 535 1513 primae
562 1435 616 1491 ant
639 1404 756 1510 genere
778 1428 849 1513 ipso
875 1426 1064 1512 singulares.
1107 1424 1216 1514 Neque

164 1546 257 1612 enirn
277 1561 395 1630 parvae
421 1562 523 1630 neque
548 1542 683 1609 bsitatae
709 1563 809 1629 neque
830 1544 980 1629 vulgares
1008 1544 1216 1612 admiratione

167 1671 228 1751 aut
254 1662 379 1727 omnino
406 1660 503 1726 laude
525 1661 640 1745 dignae
665 1660 768 1726 videri
788 1660 900 1727 solent.
942 1660 1015 1727 348.
1042 1659 1099 1727 Est
1121 1663 1217 1727 etiarn

156 1758 244 1846 ‘etum
265 1779 378 1844 ceteris
403 1777 634 1867 praestantibus
655 1779 733 1844 viris
760 1780 952 1866 comparatio
979 1780 1012 1843 in
1036 1778 1217 1845 laudatione

164 1895 349 1986 praeclara.
393 1894 441 1963 lle
463 1914 525 1983 qno
545 1914 663 1981 genere
689 1895 810 1961 libitum
833 1905 883 1961 est
903 1896 979 1977 mibi
999 1895 1095 1983 paulo
1115 1896 1216 1984 plura,
1251 1899 1256 1911 ‘

165 2033 267 2102 qnam
289 2013 502 2091 ostenderam,
522 2013 651 2097 jussere,
677 2032 741 2079 non
765 2021 829 2079 tan
849 2022 975 2100 propter
999 2031 1089 2079 usum
1109 2012 1216 2081 loren-

163 2153 250 2209 sem,
272 2134 326 2218 qui
346 2141 395 2197 est
416 2151 438 2198 a
457 2151 507 2197 me
527 2132 560 2196 in
581 2133 665 2198 omni
685 2129 746 2197 boe
767 2150 912 2197 sermone
934 2141 1100 2210 tractatus,
1121 2150 1216 2219 quarn

164 2262 202 2318 nt
224 2248 287 2317 boe
307 2249 467 2325 videretis,
492 2250 521 2314 si
540 2244 739 2314 laudationes
761 2258 868 2315 essent
887 2250 922 2314 in
943 2250 1078 2316 oratoris
1101 2249 1215 2326 officio,

164 2367 256 2454 qnod
276 2384 369 2431 uerno
389 2374 500 2447 negat,
519 2362 645 2431 ¹oratori
669 2367 813 2430 virtutum
835 2367 970 2429 omniurn
995 2366 1216 2450 coguitionem,

165 2486 243 2551 sine
270 2500 334 2568 qua
357 2479 498 2546 laudatio
530 2455 614 2547 efflei
644 2498 708 2545 nou
736 2481 855 2566 possit,
886 2500 958 2546 esse
989 2482 1214 2547 neeessariam

165 2736 222 2809 Lg.
243 2733 268 2787 4.
286 2732 311 2787 6.
332 2763 362 2773 -
397 2738 427 2786 et
450 2730 569 2797 audiri]
593 2746 630 2785 aa
652 2729 722 2785 aad.
747 2724 797 2801 Lg.
818 2732 843 2785 4.
868 2761 899 2772 -
931 2737 1032 2785 autom
1053 2730 1216 2800 laboriosa]

164 2831 224 2879 aret
242 2821 395 2876 laboriosa
412 2809 461 2891 ng.
476 2819 501 2873 3.
515 2821 540 2872 4.
553 2818 578 2874 5.
598 2817 637 2872 14.
656 2816 697 2873 16.
715 2817 758 2872 31.
774 2816 818 2873 67.
837 2817 879 2872 76.
899 2817 940 2874 73.
961 2819 1029 2875 vict.
1048 2820 1088 2873 ita
1104 2819 1215 2876 eorr.3.

164 2931 226 2968 non
250 2926 329 2969 sane,
342 2908 475 2973 deterius3
503 2908 566 2976 quin
592 2905 690 2959 tortior
713 2907 814 2959 omissa
836 2906 971 2977 particule
990 2908 1166 2962 adversativa
1182 2905 1216 2962 nt

165 2982 262 3073 ligura
274 2993 403 3070 χιασμός.
422 3024 457 3036 —-
483 2995 646 3067 sapienter]
659 2998 814 3067 patienter
830 2992 926 3049 Lamb.

257 3132 318 3188 347.
353 3133 472 3186 otrtatto
485 3130 639 3203 praenota]
658 3133 778 3194 otrtatt',
802 3129 877 3198 quod
894 3128 1043 3185 Lambinus
1061 3093 1153 3198 uenit,
1173 3140 1215 3186 est

165 3227 252 3280 etiarn
276 3224 305 3276 in
324 3220 375 3292 Ing.
392 3219 435 3273 36.
450 3238 487 3258 -’
515 3217 736 3290 comprobatae]
759 3217 895 3291 conprob.
918 3218 967 3290 bg.
985 3219 1010 3273 3.
1029 3219 1071 3274 67.
1090 3247 1126 3261 ·-
1157 3224 1215 3275 tm.

168 3310 360 3376 mortalium]
380 3311 498 3362 tnmort.
517 3306 568 3378 Lg.
585 3305 628 3361 34.
646 3305 689 3361 69.
701 3336 737 3346 -
757 3305 882 3373 tradicio]
899 3308 931 3359 trt
948 3307 1061 3361 indicto
1079 3307 1132 3361 Gn.
1143 3307 1168 3362 3.
1183 3340 1210 3350 -

167 3405 272 3452 autem
289 3397 349 3465 res]
367 3399 460 3449 ettam
477 3413 525 3449 res
542 3393 595 3449 Gn.
613 3393 638 3448 3.
654 3421 691 3437 -·
720 3408 812 3465 neque
830 3393 920 3461 maim]
941 3397 1020 3447 enim
1043 3411 1096 3450 orn.
1119 3395 1169 3467 hg.
1188 3397 1213 3452 4.

167 3485 204 3539 33
222 3485 288 3540 add.

259 3616 320 3672 346.
356 3624 401 3672 est
418 3617 522 3685 ettam]
545 3616 663 3671 medium
681 3615 809 3669 inseritur
827 3621 927 3670 autem
945 3615 973 3670 in
991 3614 1041 3687 Lg.
1060 3616 1101 3671 ll).
1137 3619 1216 3672 enim

171 3721 233 3774 pro
243 3706 336 3758 ettam
353 3704 404 3777 Lg.
418 3704 444 3760 3.
456 3706 481 3780 ii.
492 3734 530 3745 -
545 3704 742 3776 eomparatto]
762 3703 965 3776 comprobatio
983 3721 1004 3759 s.
1023 3704 1216 3777 comprobatis

173 3800 218 3845 est
240 3791 268 3845 in
286 3792 365 3847 oodtl
385 3793 493 3864 optimis
511 3790 562 3863 bg.
579 3792 605 3845 3.
623 3793 640 3845 4
655 3808 724 3845 corr.
745 3791 786 3846 13.
805 3792 840 3846 33
856 3809 927 3848 corr.
945 3793 987 3848 36.
1011 3810 1047 3847 ex
1065 3791 1215 3867 comeam

170 3889 263 3934 ortum
279 3881 352 3934 male
368 3881 518 3947 intellecto,
536 3880 609 3934 unde
627 3876 793 3951 comr‘sbatio
811 3878 863 3934 Gn.
884 3880 909 3935 3.
927 3908 963 3923 —-
981 3870 1214 3955 paolo1sie113.

50 3950 63 3964 '
171 3966 253 4022 nxn
270 3968 398 4038 sonsque.
416 3994 453 4012 -
483 3975 527 4022 ea
546 3967 639 4036 meus]
661 3969 716 4022 nv.
736 3967 786 4039 ug.
807 3967 847 4023 ro.
865 3968 908 4023 eo.
925 3968 967 4024 os.
985 4000 1020 4009 -
1049 3974 1132 4022 omna
1148 3968 1214 4036 ooo]

171 4052 230 4192 Ιὲἰε
248 4072 301 4113 orn.
316 4055 365 4127 bg.
379 4053 456 4126 bf·-
475 4055 574 4126 effici]
593 4057 703 4128 ponitur
720 4065 784 4129 post
801 4072 856 4112 non
869 4061 971 4129 possit
989 4059 1015 4111 in
1030 4054 1081 4126 [ις.
1098 4055 1130 4108 73
1142 4070 1212 4108 corr.

218 4179 226 4195 .
244 4142 271 4196 3.
372 4172 374 4181 ‚
