2980 4602
417 324 475 392 DE
502 321 730 394 ortuuottu
756 324 880 394 LIBER
900 325 924 395 1.
945 325 998 395 46.
1132 328 1222 402 m

177 495 262 561 hano
290 496 452 562 civitatem.
497 493 568 560 183.
602 492 705 571 Quidt
732 494 770 559 de
796 493 957 573 libertate,
986 513 1048 582 quo
1075 482 1222 561 iudicium

177 614 307 695 gratim
334 632 406 677 esse
432 610 551 681 nullum
574 619 691 696 potest,
720 629 823 675 noune
849 630 889 676 er
914 613 981 677 iure
1007 611 1096 679 civili
1120 620 1223 699 potest

176 747 250 792 esse
278 730 449 805 eontentio,
478 746 547 792 oum
569 727 745 811 quaeritur,
773 730 816 803 is,
844 730 897 812 qui
923 727 1040 793 domiui
1061 727 1222 795 voluntate

174 864 289 910 census
316 846 369 921 sit,
400 845 602 921 continuone,
634 846 655 921 †
683 862 725 908 an
752 841 805 907 uhi
831 841 961 908 lustrum
987 845 1030 909 sit
1055 844 1220 923 eonditum,

173 959 257 1025 liber
272 962 331 1025 siti
364 959 466 1038 Quidi
489 959 572 1045 quod
587 978 647 1024 usu
668 962 820 1025 memoria
835 969 957 1046 patrum
971 961 1066 1037 venit,
1088 971 1120 1026 ut
1134 970 1224 1046 petor
1289 1024 1294 1029 .
1406 940 1411 951 ⁸

172 1076 328 1153 familias,
357 1078 410 1161 qui
432 1096 472 1141 ex
492 1074 647 1162 Hispania
668 1074 799 1142 Romam
819 1078 974 1155 venisset,
1002 1095 1072 1157 oum
1092 1082 1222 1143 uxorem

170 1198 399 1278 praegnantem
426 1195 459 1256 iu
485 1194 649 1278 prouincia
673 1192 855 1278 reliquisset
881 1191 1063 1277 Romaeque
1090 1193 1223 1259 alteram

171 1308 315 1373 duxisset
346 1329 447 1394 neque
485 1312 623 1374 nuntium
655 1312 754 1395 priori
790 1311 984 1386 remisisset,
1021 1319 1222 1396 mortuusque

170 1435 260 1490 esset
286 1426 449 1498 intestato,
480 1433 510 1488 et
536 1442 576 1488 ex
596 1433 726 1507 utraque
749 1423 832 1489 ilius
853 1436 944 1490 natus
968 1435 1073 1492 esset:
1101 1425 1221 1492 medio-

169 1544 279 1625 erisne
306 1552 360 1604 res
390 1541 424 1603 in
451 1541 697 1604 controversiam
725 1538 859 1605 adducta
885 1546 957 1607 esti
992 1561 1062 1607 oum
1087 1562 1221 1629 quaere-

168 1667 262 1722 retur
292 1654 331 1718 de
359 1652 480 1719 duobus
511 1655 624 1718 civium
652 1653 807 1739 capitibus
837 1662 868 1718 et
893 1655 933 1718 de
958 1675 1072 1740 puero,
1103 1661 1156 1743 qui
1182 1678 1222 1725 or

170 1771 352 1858 posteriore
374 1779 465 1835 natus
487 1778 571 1844 erat,
593 1778 623 1833 et
646 1768 684 1833 do
706 1770 776 1834 eius
797 1778 911 1846 matre,
934 1788 1030 1855 quae,
1053 1772 1081 1836 si
1102 1772 1223 1838 iudiea-

169 1896 261 1953 retur
291 1889 403 1952 certis'
419 1884 605 1973 quibusdam
634 1883 760 1963 verbis,
792 1905 855 1993 npn
884 1888 976 1953 novis
1008 1888 1122 1974 nuptiis
1153 1887 1222 1954 ieri
1265 1949 1268 1961 ,

174 2100 249 2158 liber
266 2106 306 2156 sit
323 2100 437 2157 Momm.
456 2118 537 2166 unus,
554 2099 614 2154 Pal.
629 2102 654 2155 1.
670 2100 694 2155 3.
709 2101 734 2157 3.
750 2101 776 2157 8.
794 2099 831 2157 U.
849 2102 908 2171 (qui
925 2109 989 2156 ante
1006 2115 1046 2156 att
1062 2101 1125 2158 adri
1144 2105 1221 2170 tam)

174 2178 219 2240 ed.
236 2186 331 2241 Wald.
356 2186 407 2256 Lg.
426 2186 451 2240 4.
471 2183 618 2238 61630.
640 2185 681 2240 34.
702 2186 744 2240 at.
763 2186 806 2240 67.
825 2185 865 2240 76.
885 2187 927 2240 73.
950 2186 1032 2252 item,
1055 2185 1105 2240 sed
1131 2187 1220 2241 aitero

174 2273 217 2323 stt
238 2271 338 2323 omisso
345 2278 359 2335 ‚'
376 2268 419 2322 63.
456 2268 558 2321 lustris
582 2268 664 2322 etiarn
681 2270 722 2324 13.
741 2270 791 2336 36,
814 2270 859 2339 qui
880 2285 937 2323 non
954 2269 1066 2333 tribus,
1092 2270 1142 2322 sed
1166 2276 1220 2324 ter.

176 2353 304 2405 conditis
328 2352 363 2406 36
383 2368 440 2405 non
462 2351 552 2405 habet.
588 2359 665 2407 cont.
690 2370 731 2407 att
753 2352 806 2407 ubi
828 2357 891 2407 iam
915 2359 961 2407 ter
983 2351 1108 2406 lustrum
1135 2351 1220 2406 cond.

179 2433 309 2488 liberstt
326 2434 438 2489 Momm.
452 2436 529 2489 alter.
559 2441 725 2501 censuisti,
744 2441 848 2491 steort
864 2440 906 2491 sit
918 2434 1070 2489 eonditum
1085 2435 1222 2497 lustrum,

177 2521 257 2571 sime
275 2516 349 2570 tiber
367 2537 393 2571 α.
406 2537 433 2587 γ.
461 2516 512 2572 Gu.
532 2520 555 2572 l.
573 2518 597 2573 2.
621 2519 712 2575 Havn.
733 2520 755 2574 1.
773 2521 799 2574 3.
820 2519 864 2587 (in
884 2518 909 2572 2.
928 2518 991 2571 add.
1012 2526 1076 2588 post
1096 2517 1223 2571 instrum

177 2601 286 2666 tribus)
303 2601 363 2654 Aio.
383 2599 451 2656 lunt.
470 2599 547 2655 Man.
565 2601 676 2667 Lomb.;
696 2619 767 2671 quae
786 2602 922 2671 scriptura
938 2616 1027 2670 prope
1045 2616 1114 2653 vora
1129 2600 1223 2654 videa·

175 2694 228 2752 tur,
248 2686 299 2739 etsi
316 2686 357 2738 sic
374 2686 427 2738 alia
444 2687 580 2739 sententia
594 2688 723 2741 nascitur.
751 2685 856 2740 Notum
869 2684 940 2738 enim
955 2691 996 2738 est
1013 2699 1124 2737 censum
1137 2700 1223 2754 saepe
1241 2690 1244 2695 ’

174 2786 231 2824 nou
243 2778 394 2839 peractum,
412 2769 471 2822 sive
488 2769 614 2823 lustrum
626 2769 779 2823 eonditum
792 2785 850 2822 oon
865 2786 928 2822 esse
933 2789 945 2831 ,-
962 2784 1017 2836 quo
1034 2766 1108 2821 iacto
1125 2782 1222 2822 servus

174 2855 313 2907 nonnuliis
332 2853 479 2907 videbatur
502 2854 556 2907 rite
579 2870 661 2905 mauu
685 2854 782 2907 missus
805 2870 861 2906 non
885 2869 954 2909 esse.
996 2846 1049 2905 Alii
1073 2851 1135 2905 libri
1159 2869 1223 2907 cou-

174 2938 262 2991 fusam
276 2954 312 2990 ex
330 2945 448 3004 utroque
464 2949 567 3006 genere
583 2936 745 3006 scripturam
758 2946 917 2991 monstrant.
930 2940 977 2990 -oi
991 2950 1051 2990 non
1068 2935 1222 2991 consitium

176 3020 302 3077 lustrum
318 3024 395 3075 stone
411 3020 485 3073 liber
501 3024 678 3074 eoottouone
694 3037 734 3085 an
751 3020 848 3075 trtius
866 3022 970 3076 lustris
984 3020 1068 3075 eund.
1088 3020 1163 3074 iiber
1180 3024 1222 3075 stt
1244 3010 1253 3020 ’

173 3104 224 3176 Lg.
244 3107 269 3160 3.
290 3104 332 3159 16.
351 3093 394 3160 31.
412 3104 456 3159 33.
475 3103 518 3158 66.
537 3105 576 3157 ita
595 3120 663 3159 corr.
683 3106 725 3159 32.
763 3103 838 3158 idem
855 3104 898 3158 67.
917 3105 1000 3159 modo
1018 3108 1166 3159 continuo.
1184 3131 1221 3147 ·-

173 3194 203 3244 si
218 3205 279 3243 nott
295 3189 378 3243 cond.
397 3190 479 3243 lustr.
500 3192 558 3250 sit,
576 3191 654 3240 sitne
672 3186 753 3251 liber,
774 3192 949 3242 comitatuum
965 3204 1006 3241 att
1022 3188 1119 3242 tribus
1136 3188 1219 3243 lustr.

173 3273 259 3328 eund.
282 3272 356 3327 iiber
375 3273 416 3327 76.
453 3271 560 3325 Similia
577 3280 639 3325 sunt
662 3272 691 3324 in
710 3280 772 3326 cett.
791 3271 872 3327 codd.
897 3279 925 3324 et
945 3270 1008 3325 edd.
1026 3272 1166 3340 antiquiss.
1188 3302 1219 3313 -

171 3364 261 3430 pater
273 3356 425 3426 familias]
442 3358 483 3409 sie
499 3356 608 3409 divisim
624 3354 674 3426 Lg.
688 3356 714 3410 2.
732 3356 775 3411 66.
790 3355 834 3411 67.
847 3383 884 3398 ·-
905 3358 1060 3425 intestato]
1078 3360 1111 3410 itt
1129 3362 1221 3410 testa-

172 3447 273 3495 mento
289 3439 340 3512 ug.
357 3440 389 3495 15
402 3456 474 3492 sorr.
502 3442 660 3493 intestatus
676 3438 770 3494 Lami).
789 3466 825 3482 ›-
846 3446 876 3494 εἰ
892 3440 942 3507 eto]
961 3446 992 3493 et
1008 3457 1061 3495 om.
1081 3439 1133 3497 Gu.
1146 3441 1172 3497 3.
1184 3469 1220 3483 ·-

84 3560 88 3566 -
173 3523 319 3591 adducta]
340 3523 443 3577 delata
460 3522 510 3594 ug.
528 3521 571 3578 84.
602 3522 731 3577 deducta
747 3521 784 3581 U.
800 3551 836 3564 -
860 3525 922 3590 esi]
940 3539 992 3577 om.
1012 3521 1064 3577 Gu.
1083 3525 1109 3578 3.
1138 3522 1169 3577 ln
1186 3541 1221 3579 ea

172 3609 328 3662 sententiae
344 3608 446 3661 forma:
463 3613 498 3660 ut
511 3613 602 3679 pater
615 3606 756 3676 familias
771 3637 808 3648 -
820 3614 910 3661 natas
927 3613 1005 3661 met
1020 3607 1115 3662 vitium
1132 3608 1221 3662 latere

172 3693 262 3747 visum
279 3691 497 3756 Henriehseni03
517 3691 567 3745 sed
585 3708 664 3745 secus
679 3700 729 3746 est.
747 3708 775 3746 v.
795 3692 934 3762 explieatt.
956 3721 987 3731 —-
1014 3708 1082 3746 eum
1098 3709 1220 3762 quaere-

172 3778 268 3843 retur]
288 3793 412 3846 ntemque
430 3792 529 3846 quaer.
546 3775 597 3847 Lg.
618 3774 659 3828 16.
676 3775 718 3831 31.
738 3778 781 3831 33.
799 3775 835 3828 34
846 3792 917 3830 corr.
936 3775 979 3830 36.
998 3777 1041 3830 65.
1056 3776 1098 3832 67.
1117 3776 1160 3832 63.
1175 3777 1218 3834 76.

173 3861 215 3914 ita
233 3876 304 3914 corr.
321 3862 364 3916 32.
398 3876 510 3937 estoque
528 3877 556 3929 q.
577 3858 618 3913 17.
636 3858 679 3914 33.
695 3886 732 3902 ·-
761 3859 884 3928 duobus]
909 3858 1035 3914 duorum
1053 3861 1104 3932 ις.
1123 3862 1165 3916 36.
1183 3889 1219 3903 ·-

174 3943 211 3998 de
222 3945 331 4015 pomo]
355 3944 392 3997 tie
411 3948 499 4016 pueri
524 3944 572 4016 Lg.
592 3946 616 4000 3.
637 3944 662 3997 6.
680 3945 706 3999 6.
729 3943 769 3998 17.
789 3944 831 4000 36.
852 3943 887 3997 34
900 3961 972 3999 eorr.
990 3945 1033 3999 66.
1052 3946 1093 4000 76.
1115 3946 1157 4002 73.
1174 3946 1217 4002 76.

173 4026 216 4082 81.
229 4027 272 4082 86.
293 4028 332 4081 ita
345 4045 416 4084 corr.
430 4030 473 4085 33.
483 4056 519 4069 -
538 4033 601 4084 eius
615 4030 723 4096 maire]
735 4018 830 4081 ‘iuius
844 4044 883 4083 m.
901 4028 952 4099 ug.
964 4027 1006 4082 14.
1021 4030 1062 4085 16.
1074 4028 1116 4086 611
1129 4030 1172 4085 33.
1181 4058 1217 4073 --

176 4113 277 4182 certis]
303 4117 427 4171 coeteris
450 4122 499 4168 out
521 4116 627 4170 ceteris
648 4112 700 4183 ug.
718 4113 744 4171 3.
763 4112 805 4171 17.
824 4113 867 4171 31.
885 4106 928 4171 67.
944 4166 946 4173 ,
964 4112 1010 4169 De
1031 4114 1074 4170 his
1085 4114 1218 4171 ‘confusis
