2938 4590
271 330 370 425 oss
648 321 931 393 crcnnorns

273 514 345 563 eam
367 515 426 571 me
455 492 648 581 potissimum
672 504 811 580 'parcen
844 513 924 580 qnae
956 495 1105 574 maxine,
1123 508 1320 561 commorere

274 616 396 680 animos
422 611 580 677 hominnm
605 621 720 697 potest,
747 611 886 678 confero.
929 610 1003 675 393.
1031 606 1162 676 Summa
1183 610 1318 697 deniqne

272 730 365 796 hnins
390 729 517 814 generis
542 726 624 796 haec
651 737 714 806 est,
742 739 789 806 ut,
808 730 846 795 'si
872 730 906 792 in
931 727 1105 793 refellendo
1134 726 1322 794 adversario

272 847 398 917 firmior»
416 865 489 911 esse
516 846 617 912 oralio
648 864 741 932 qnam
773 842 807 909 in
831 843 1051 911 confirmandis
1079 846 1196 910 nostris
1222 844 1319 911 rebus

190 1030 194 1035 .
273 973 389 1059 polest,
413 952 518 1028 omnia
538 965 572 1031 in
593 962 681 1028 illurn
702 962 768 1027 tela
790 961 968 1039 conseram
991 962 1041 1026 sin
1061 971 1172 1027 nostra
1190 961 1320 1047 probari

271 1081 402 1147 'facilius
434 1098 527 1165 quarn
558 1079 616 1146 illa
649 1079 798 1164 redargui
828 1088 975 1165 possunt,
1010 1077 1165 1143 deducere
1197 1080 1320 1144 animos

149 1220 157 1230 ·
256 1214 296 1264 'a
324 1201 484 1265 contrario
509 1196 693 1263 defensione
725 1206 756 1262 et
787 1196 828 1261 ad
854 1205 994 1261 nostram
1021 1210 1126 1262 conor*
1143 1196 1319 1261 traducere.

275 1313 349 1382 294.
371 1312 441 1380 Duo
464 1314 597 1398 deniqne
619 1313 692 1391 illa,
717 1332 797 1400 quae
819 1312 974 1379 facillima
994 1313 1156 1389 videnlur.
1173 1315 1321 1397 qnoniam

274 1452 355 1518 qnae
387 1430 568 1506 difficiliora
598 1441 669 1496 sunt
699 1448 763 1497 non
788 1450 931 1517 possum,
964 1427 1039 1495 milri
1070 1448 1126 1515 pro
1154 1449 1223 1495 meo
1251 1432 1319 1496 inre

273 1569 379 1616 sunno:
406 1568 513 1625 unum,
540 1557 573 1613 nt
594 1547 727 1614 molesto
751 1557 803 1614 ant
824 1546 944 1613 difficili
966 1557 1149 1631 argumento
1172 1557 1224 1611 ant
1245 1547 1319 1614 locc

273 1673 519 1751 nonnunquam
547 1666 672 1731 omnino
697 1665 776 1731 nihil
803 1664 1018 1752 respondeam.
1063 1661 1155 1742 Quod
1183 1663 1320 1730 forsitan

160 1810 163 1813 ·
276 1783 392 1869 aliquio
423 1785 491 1848 inre
522 1783 665 1848 irriserit.
720 1779 798 1860 Quis
831 1784 913 1848 eninr
939 1792 1000 1860 est,
1034 1784 1087 1867 qni
1117 1780 1224 1863 lacere
1255 1802 1321 1848 nnn

274 1902 400 1987 possiti
444 1895 511 1964 Sed
536 1907 641 1993 tamen
667 1916 728 1981 ego
755 1898 794 1962 de
817 1918 887 1964 mea
908 1919 1003 1974 nnnc,
1032 1917 1094 1964 non
1122 1898 1161 1963 dc
1184 1898 1320 1965 aliorum
1364 1972 1367 1981 ⁴

258 1996 424 2081 ‘facultate
457 2014 579 2100 disputo
614 2012 822 2100 confiteorque
855 2036 923 2094 me,
961 2017 988 2080 si
1023 2034 1086 2100 qua
1116 2025 1236 2100 premat
1266 2035 1321 2080 res

275 2131 504 2208 vehementius,
537 2132 582 2197 ila
607 2128 720 2195 cedere
748 2131 870 2210 solere,
901 2142 933 2197 ut
961 2152 1025 2198 non
1050 2130 1142 2198 modo
1170 2152 1234 2197 non
1261 2132 1320 2197 nb-

275 2251 373 2327 iecto,
405 2247 462 2314 sed
487 2266 528 2313 ne
555 2248 673 2315 reiecto
702 2248 826 2334 quidem
852 2259 940 2317 scuto
968 2248 1076 2333 ingere
1102 2248 1227 2326 videor,
1261 2249 1319 2315 sed

275 2481 394 2521 monere
411 2468 435 2520 4.
456 2464 496 2519 13.
516 2461 551 2518 33
567 2478 639 2522 corr.
663 2465 735 2520 613.
753 2464 795 2520 36.
822 2465 897 2535 qnod
919 2464 1036 2519 fortasse
1056 2466 1244 2536 recipiendum
1260 2465 1318 2521 fuit.

273 2567 445 2624 permonere
461 2550 487 2604 6.
505 2579 541 2589 -
566 2549 698 2620 confero]
716 2559 780 2603 nnte
798 2550 851 2603 lroc
869 2550 980 2620 ponitur
994 2564 1042 2601 me
1059 2549 1086 2601 in
1104 2550 1155 2622 ng.
1176 2551 1216 2606 13.

272 2666 276 2669 -
360 2634 420 2689 nnc
457 2634 518 2688 telo
536 2633 702 2704 conferam]
721 2635 760 2687 slc
776 2634 876 2688 inverti
893 2632 1041 2686 secundnm
1059 2632 1110 2688 Gn.
1129 2633 1155 2690 3.
1182 2635 1233 2706 ng.
1249 2635 1275 2689 3.
1292 2636 1320 2689 6.

230 2778 234 2783 ,
277 2719 318 2774 13.
341 2718 382 2773 33.
407 2715 450 2773 36.
487 2718 584 2771 Stntlm
608 2720 691 2772 etiarn
715 2719 795 2788 posni
809 2717 939 2790 probari
954 2715 1079 2786 facilins
1100 2720 1249 2773 secundnm
1266 2720 1317 2791 Lg.

274 2811 387 2874 praeter
408 2802 451 2856 81.
472 2801 515 2855 84.
539 2802 582 2855 93.
606 2819 701 2856 ornnes
726 2810 754 2855 et
769 2801 841 2855 vict.
868 2801 919 2855 Gn.
937 2801 962 2855 3.
979 2830 1015 2840 -
1045 2802 1199 2870 deducere]
1222 2804 1321 2874 scripsi

274 2903 326 2956 pro
350 2885 496 2939 abducere
516 2895 626 2939 seculus
650 2887 702 2957 ng.
719 2885 744 2939 3.
762 2884 787 2939 3.
807 2887 831 2940 4.
856 2884 897 2939 13.
920 2884 963 2940 33.
982 2885 1025 2939 36.
1044 2885 1086 2941 69.
1111 2885 1163 2941 Gn.
1180 2885 1205 2941 3.
1241 2886 1322 2942 llaec

270 2977 303 3022 'et
315 2985 375 3039 sqq.
393 2969 429 3023 ad
444 2968 529 3022 linem
546 2987 632 3040 nsqnc
649 2970 802 3024 sententiae
818 2987 837 3021 n
854 2969 906 3024 Gn.
917 2969 943 3023 3.
962 2968 1068 3023 absunt.
1099 2970 1218 3025 Deduc!
1235 2973 1320 3025 animi

257 3070 292 3125 *n
309 3055 448 3107 contrario
470 3053 630 3108 defensione
652 3070 708 3106 non
731 3053 828 3107 eodem
850 3053 932 3106 modo
952 3053 1092 3119 dicuntur,
1117 3071 1171 3123 qno
1192 3054 1320 3120 adduct,-

256 3152 427 3211 (qncnqnnrn
438 3136 575 3190 similiter:
592 3153 618 3192 v.
633 3130 840 3207 explicationis.
852 3166 888 3180 -
906 3139 1006 3204 conor]
1024 3146 1121 3194 contra
1132 3138 1218 3194 libros
1232 3156 1321 3197 coner
1373 3126 1379 3133 ἴ

272 3219 369 3275 anb.
386 3221 485 3276 Peorc.
504 3248 539 3262 -—
567 3221 733 3290 traducere]
752 3221 901 3274 adducere
918 3220 968 3292 Lg.
989 3221 1029 3276 15.
1052 3290 1055 3296 ,

358 3303 417 3357 394.
454 3305 525 3373 dno]
548 3322 601 3360 orn.
626 3305 676 3376 Lg.
696 3306 721 3362 5.
746 3305 789 3359 39.
810 3304 852 3360 31.
876 3304 981 3360 :in-oo.
1002 3305 1044 3360 76
1069 3306 1111 3379 811.
1133 3337 1165 3348 -
1191 3308 1320 3378 deniqne

231 3408 238 3417 ·
272 3404 328 3440 om.
350 3385 401 3457 Lg.
419 3386 463 3442 93.
485 3417 521 3430 —-
549 3388 713 3459 facilltma]
735 3388 883 3459 facillime
906 3387 957 3444 Gn.
977 3388 1002 3443 3.
1035 3388 1145 3459 facilia
1167 3391 1218 3463 Lg.
1241 3393 1266 3447 6.
1286 3423 1319 3434 -·

272 3487 333 3524 noo
345 3473 482 3542 possum]
502 3488 562 3526 coo
576 3480 706 3545 possunt
724 3472 774 3544 Lg.
792 3474 818 3528 3.
836 3472 860 3527 3.
880 3473 905 3527 5.
923 3474 949 3528 6.
969 3462 1009 3529 14.
1031 3473 1071 3529 16.
1091 3475 1131 3531 17,
1149 3475 1192 3531 36.
1209 3476 1252 3532 31.
1273 3476 1316 3535 33.

272 3553 315 3610 35.
330 3553 374 3606 65.
388 3554 429 3609 76.
445 3555 487 3611 73.
504 3556 546 3611 76.
563 3556 605 3611 81.
626 3559 665 3612 ite
682 3576 752 3613 corr.
767 3558 809 3613 34.
826 3584 862 3598 ·-
879 3557 967 3625 milri]
985 3575 1039 3612 om.
1057 3557 1108 3614 Gn.
1121 3558 1148 3614 3.
1165 3587 1202 3601 --
1221 3561 1318 3629 numo]

272 3654 389 3692 nummo
406 3637 456 3709 Lg.
475 3640 539 3706 xi,
558 3657 673 3709 qnorum
690 3652 733 3698 est
748 3642 774 3699 3.
791 3670 827 3682 -
851 3646 906 3711 qni
919 3641 1033 3711 facere]
1050 3644 1133 3713 vulgo
1151 3644 1251 3697 lectum
1268 3648 1320 3714 qul

268 3722 306 3776 id
322 3723 432 3775 correxi
448 3724 537 3779 eiecto
555 3725 656 3779 vocnlo
673 3729 754 3782 inerti
770 3727 919 3780 secundnm
936 3724 986 3796 Lg.
1000 3725 1025 3780 3.
1041 3727 1066 3781 4.
1088 3726 1128 3782 13.
1145 3726 1181 3781 33
1192 3727 1256 3782 odd.
1273 3728 1316 3784 36.

265 3806 323 3860 Gn.
341 3805 367 3861 3.
391 3834 427 3847 --
460 3812 489 3862 ot
508 3810 578 3878 quc]
608 3813 637 3863 ci
659 3828 735 3880 quae
759 3811 898 3881 vnlgntnnr
921 3812 1030 3864 correxi
1057 3828 1095 3864 ox
1117 3811 1167 3885 ng.
1193 3813 1318 3866 omnibns

268 3894 380 3959 proeler
393 3889 446 3956 33,
463 3892 491 3943 in
511 3908 565 3960 qno
583 3895 612 3944 rt
629 3908 699 3946 corr.
717 3897 747 3945 ri
763 3911 848 3962 qnae,
867 3903 895 3947 et
907 3895 950 3949 84.
969 3925 1004 3948 -.-
1022 3894 1136 3963 cedere]
1157 3896 1319 3950 concedere

270 3971 321 4025 Gn.
334 3972 360 4025 3.
380 3981 408 4026 et
424 3973 475 4043 Lg.
490 3982 602 4041 praeter
618 3974 643 4027 3.
657 3976 682 4027 4.
702 3974 741 4028 13.
762 3975 802 4027 ld.
820 3976 861 4029 33.
880 3976 922 4033 33.
941 3978 984 4031 36.
1002 3979 1044 4035 67.
1074 3977 1116 4032 lta
1133 3996 1203 4034 corr.
1223 3980 1266 4034 33.
1281 4009 1318 4022 ·-

269 4052 396 4121 adiecto]
422 4054 534 4107 obtecto
564 4054 616 4107 Gn.
638 4057 664 4110 3.
687 4083 723 4095 -
753 4061 894 4129 speciem]
924 4079 961 4115 ex
985 4063 1148 4131 compendio
1177 4063 1317 4121 scribendi

268 4151 353 4206 spem
368 4139 467 4207 (speon
487 4137 504 4189 i.
524 4152 548 4192 e.
568 4142 714 4208 speciem
730 4140 770 4194 nic
789 4140 841 4199 Gn.
859 4141 889 4210 3)
912 4143 962 4215 Lg.
981 4146 1006 4200 5.
1026 4144 1066 4201 16.
1085 4145 1128 4201 39.
1146 4145 1188 4203 31.
1207 4148 1250 4204 do.
1269 4147 1312 4205 79.
1429 4174 1432 4182 ¹
