2938 4590
273 306 370 379 m
671 304 929 372 CICERONIS

273 484 337 540 tate
359 473 555 559 deoememte
581 472 814 558 quodquidam
836 476 869 538 in
888 474 997 559 primis
1021 492 1043 539 a
1063 472 1182 542 Crasso
1205 475 1319 544 obrem

206 625 215 636 -
273 594 344 658 vari
368 578 458 657 solet.
503 588 569 655 Sed
595 589 658 655 hoc
681 601 878 676 praeceptum
903 592 1248 678 praetermittendarum
1269 596 1323 662 est

274 710 473 785 lacertarum,
499 727 570 774 oum
591 708 632 772 iis
657 706 736 772 nihil
757 727 834 793 opus
856 710 906 773 sit.
949 707 1015 776 Nos
1036 719 1140 775 eutem
1161 712 1320 796 momoria

274 837 410 904 utamur,
437 845 507 891 oum
533 844 610 911 opus
637 826 692 900 sit,
718 818 925 909 quaerimus3‘
939 827 1028 892 utin
1048 826 1264 893 adversarium
1284 838 1346 895 et·

193 1029 198 1033 p
275 946 420 1021 maxime,
442 945 471 1007 si
487 943 555 1007 eius
578 940 708 1007 stultitia
728 943 841 1026 poterit
863 945 987 1026 agitari,
1009 945 1172 1008 intestam
1191 943 1320 1011 stultum

165 1096 171 1099 ν
274 1061 418 1147 eupidum
449 1060 569 1136 levem,
598 1060 632 1123 si
661 1057 757 1123 facile
786 1057 928 1125 homines
962 1060 1098 1144 audituri
1121 1061 1317 1128 videbuntur.

273 1178 347 1243 333.
379 1174 512 1242 Omnino
538 1173 755 1262 probabiliora
779 1186 865 1253 suut,
898 1196 979 1261 quae
1005 1163 1317 1256 lacessitionibus,

274 1316 368 1381 quarn
389 1314 469 1380 quae
491 1295 623 1379 priores.
666 1289 747 1358 Nam
769 1301 800 1358 et
824 1295 944 1377 ingenii
966 1294 1113 1361 celeritas
1135 1299 1237 1363 maior
1258 1307 1317 1374 ost,

274 1431 355 1498 quae
389 1394 518 1497 apparet
548 1412 582 1474 iu
612 1409 849 1496 respondendo,
887 1421 918 1475 et
948 1410 1148 1478 humanitatis
1185 1422 1234 1479 est
1264 1433 1316 1480 re-

274 1530 413 1616 sponsio.
470 1525 619 1592 Videmur
647 1529 730 1592 enim
762 1529 893 1612 quieturi
930 1528 1044 1606 luisse,
1079 1530 1143 1594 nisi
1173 1549 1316 1596 essemus

273 1647 430 1722 lacessiti,
458 1655 490 1710 ut
516 1647 550 1710 in
573 1646 637 1711 ista
661 1645 732 1730 ipsa
758 1646 902 1710 contione
927 1644 1007 1710 nibil
1034 1645 1101 1711 ieie
1128 1646 1316 1712 dictumest

275 1764 322 1830 ab·
343 1763 419 1840 boo,
452 1762 534 1847 quod
567 1762 690 1847 quidem
720 1761 854 1829 lucetius
886 1762 999 1827 dictum
1028 1763 1199 1841 videretur,
1232 1764 1316 1849 quod

271 1901 337 1946 non
361 1889 547 1967 prouocatus
578 1877 782 1963 responderit.
819 1853 912 1943 'Erat
943 1888 1045 1944 autem
1071 1889 1158 1945 tauta
1189 1881 1222 1945 in
1248 1878 1314 1946 Do-

272 1999 360 2063 mitio
386 1998 543 2080 gravitas,
573 2005 661 2062 tanta
693 1996 879 2072 auotoritas,
911 2005 943 2061 ut
976 1996 1058 2082 quod
1088 2007 1174 2063 esset
1206 1996 1246 2063 ab
1274 2018 1313 2065 eo

273 2230 301 2284 ln
326 2237 443 2283 mentem
466 2226 551 2281 venit.
575 2254 610 2267 —-
646 2224 809 2296 bominum]
836 2222 965 2283 hominio
990 2227 1040 2299 Lg.
1065 2230 1090 2283 4.
1115 2257 1151 2270 —-
1178 2238 1313 2303 praeter-

274 2314 498 2379 mittendarum]
519 2312 588 2364 baec
607 2319 649 2364 est
667 2310 774 2365 Heinzii
793 2314 964 2380 conlectura,
989 2331 1068 2383 qurum
1086 2313 1147 2368 edd.
1167 2325 1231 2385 post
1248 2315 1312 2370 sch.

273 2406 438 2470 receperunt
455 2405 482 2450 et
499 2414 569 2466 quae
585 2397 637 2450 iarn
656 2398 683 2450 in
701 2397 743 2452 ed.
761 2396 835 2451 Lott.
852 2397 958 2469 legitur.
983 2396 1059 2451 Libri
1073 2402 1313 2470 praetermitten-

274 2485 354 2538 dum.
374 2512 409 2527 η-
441 2480 638 2551 facetiarum,
666 2483 744 2550 mm]
766 2481 827 2551 fao.
851 2481 930 2553 quood
953 2481 1002 2553 Lg.
1026 2483 1165 2552 plerique,
1192 2486 1313 2554 exceptis

273 2579 363 2624 tomen
386 2567 412 2621 3.
436 2569 460 2621 3.
483 2568 508 2620 4.
534 2567 573 2620 13.
597 2566 640 2620 34.
665 2565 708 2621 33.
732 2567 775 2621 36.
800 2566 842 2621 86.
866 2566 908 2621 33.
940 2567 1010 2621 Vici.
1044 2568 1082 2620 ita
1106 2585 1176 2622 corr.
1202 2568 1244 2622 34.
1269 2568 1311 2622 33.

273 2652 452 2709 scribendum
469 2651 580 2705 videtur
596 2668 692 2720 auom.
709 2680 743 2689 —
775 2652 825 2718 tir]
846 2651 884 2702 sic
903 2648 952 2720 Lg.
971 2651 1012 2708 33.
1034 2651 1076 2706 35.
1096 2651 1137 2707 76.
1174 2654 1200 2705 io
1224 2651 1250 2707 3.
1269 2651 1312 2708 36.

273 2737 320 2794 Iris
341 2736 424 2790 ceteri
437 2745 470 2789 et
487 2736 585 2806 vulg03
605 2743 668 2806 post
685 2734 763 2788 arbal
779 2734 888 2804 ponitur
905 2735 932 2787 in
950 2736 975 2789 4.

356 2855 415 2910 333.
452 2854 583 2929 omnim]
613 2861 698 2908 totum
726 2852 780 2905 boc
803 2862 979 2922 praeceptum
1004 2852 1115 2907 Caesari
1143 2852 1312 2911 tribuendum

272 2948 351 3011 putat
372 2938 479 2994 Baitios
506 2946 533 2991 et
555 2937 673 2991 fortasse
697 2937 831 2991 excidisse
855 2938 942 2991 verba
965 2940 1061 3007 lupuit
1088 2936 1206 2991 Caesar.
1247 2937 1312 2993 Nou

273 3026 367 3082 eredo.
401 3022 570 3077 Lacessituur
586 3023 692 3092 potius,
712 3038 791 3089 quom
808 3021 990 3074 lacessentem
1007 3020 1098 3074 dicere
1115 3022 1237 3092 inprimis
1255 3023 1313 3079 eius

272 3119 325 3175 est,
340 3110 384 3178 qui
397 3108 460 3161 loeo
476 3107 587 3172 obiecit,
602 3105 676 3175 quod
689 3105 820 3175 proximis
835 3104 971 3176 prioribus
985 3114 1116 3174 posuerat
1127 3107 1312 3160 Antonius-

272 3194 414 3266 apparat]
428 3192 558 3263 adparat
571 3190 621 3261 bg.
635 3190 676 3243 76.
689 3191 732 3244 73.
744 3216 780 3228 —
796 3189 942 3255 uidemur]
960 3176 1125 3243 videremur
1137 3190 1208 3245 vict.
1223 3190 1275 3245 Gu.
1288 3191 1310 3245 l.

272 3279 323 3350 Lg.
343 3286 454 3347 praeter
471 3275 495 3330 3.
510 3276 534 3328 4.
547 3275 571 3329 5.
585 3276 612 3329 6.
631 3275 672 3329 13.
686 3273 727 3327 34.
747 3272 789 3327 33.
803 3274 846 3329 35.
863 3274 906 3328 36.
923 3273 964 3326 81.
982 3273 1020 3326 ita
1036 3273 1312 3345 13.-111111]

272 3368 304 3418 ia
322 3380 375 3422 om.
394 3361 443 3431 Lg.
462 3359 548 3414 6.·15.
567 3375 623 3412 non
640 3360 719 3414 ruale.
738 3386 774 3399 -
792 3359 937 3428 contione]
955 3352 993 3410 sic
1010 3356 1061 3429 bg.
1079 3357 1105 3412 3.
1121 3360 1147 3414 4.
1167 3360 1191 3412 5.
1212 3359 1252 3414 13.
1271 3360 1312 3413 16.

271 3447 313 3513 it).
332 3445 373 3499 31.
392 3444 434 3500 ut.
454 3444 497 3498 36.
514 3444 557 3498 65.
576 3444 617 3499 ut.
637 3444 679 3498 73.
694 3442 737 3496 84.
754 3441 797 3497 33.
820 3442 891 3496 Vict.
917 3442 968 3496 Gu.
988 3442 1011 3498 l.
1030 3441 1055 3495 3.
1092 3442 1226 3514 Vulgatur
1246 3461 1311 3498 aon-

271 3535 364 3585 aione.
398 3532 582 3583 contentione
601 3527 651 3600 Lg.
671 3527 711 3583 15.
729 3555 765 3567 -
794 3533 860 3580 erat
884 3527 995 3595 autem]
1018 3531 1084 3579 erat
1101 3531 1181 3580 euim
1202 3527 1252 3600 Lg.
1271 3528 1312 3583 63.

270 3616 313 3671 33
326 3643 361 3655 -
381 3621 466 3669 tauta
483 3619 515 3669 ia
526 3614 662 3668 Domitio
679 3612 823 3684 prauitas]
839 3616 976 3683 pravitas
994 3617 1080 3664 tanta
1098 3610 1149 3666 Gu.
1164 3612 1189 3666 3.
1207 3611 1257 3683 bg.
1273 3612 1311 3669 17.

255 3701 314 3756 ,35.
332 3701 373 3756 76.
408 3703 441 3754 ta
460 3698 596 3752 Donattio
621 3705 707 3752 tanta
728 3700 863 3767 prauitas
887 3695 939 3752 Gu.
960 3696 984 3752 l.
1002 3696 1027 3752 3.
1054 3679 1130 3752 idae
1154 3713 1224 3752 oorr.
1243 3697 1311 3751 tado

273 3786 368 3842 (11.3.
405 3769 620 3853 Ut‘posuimus,
643 3783 741 3853 legitur
766 3781 794 3833 iu
811 3780 863 3852 Lg.
880 3779 906 3851 3.
924 3780 948 3836 3.
967 3782 991 3834 4.
1017 3781 1058 3838 13.
1082 3780 1125 3835 33.
1143 3779 1185 3836 36.
1221 3781 1313 3837 Verba

271 3873 305 3923 ia
315 3869 452 3925 Domitia
471 3870 630 3922 omittuntur
646 3865 729 3920 11181.
744 3866 786 3921 84.
799 3894 834 3905 -
852 3865 1034 3934 elevandum]
1053 3865 1211 3921 leuandam
1225 3865 1274 3937 bg.
1287 3865 1311 3921 3.

273 3956 298 4005 4.
318 3953 497 4009 13.·331011.
515 3953 558 4006 36.
577 3952 668 4028 (11.3.
689 3967 716 4004 v.
736 3949 771 4003 ad
789 3948 823 4001 ll.
840 3948 961 4016 53116.
978 3979 1013 3990 -
1031 3952 1226 4020 contentione]
1245 3967 1311 4007 aaa·

272 4040 414 4093 ettattoae
431 4035 481 4104 Lg.
500 4036 525 4088 3.
550 4034 627 4102 quasi
645 4033 679 4087 ab
697 4034 855 4102 interprete.
891 4037 1024 4087 contione
1040 4036 1064 4090 4.
1084 4034 1109 4090 5.
1131 4035 1172 4095 13.
1194 4035 1226 4090 17
1243 4051 1311 4092 corr.

272 4119 452 4181 31341011.
471 4118 506 4174 33
523 4124 624 4172 v.u.t.
643 4117 685 4174 65.
705 4116 747 4174 76.
766 4116 809 4175 84.
826 4110 870 4173 33.
890 4117 959 4174 vict.
982 4117 1033 4172 Gu.
1051 4117 1077 4175 2.
1161 4184 1165 4193 x
