2942 4608
386 355 446 423 on
474 353 854 427 oan'roun‘mnnn
868 342 926 428 i11.
949 363 999 429 15.
1116 367 1215 439 m

172 523 389 610 pinnarorum
413 544 512 604 sonsa
532 528 644 597 meotis
665 537 696 593 et
716 527 853 594 consilia
873 530 921 596 sic
942 530 1049 610 verbis
1070 532 1216 619 explicat,

173 650 206 706 ut
223 661 288 719 eos,
310 644 363 727 qui
381 642 508 708 audiant
524 624 707 731 quocunque
729 646 904 712 incubuerit
918 651 1019 734 possit
1036 649 1215 736 impellere:

83 789 93 798 .
172 778 253 844 quae
280 779 341 845 quo
370 762 473 825 maior
500 763 638 838 ostris,
671 761 731 829 hoc
759 753 808 829 est
837 766 939 850 magis
964 765 1127 851 probitate
1144 769 1213 832 iun-

171 876 277 965 genda
304 896 483 964 summaque
509 878 689 965 prudentia3
715 900 846 966 quarum
867 883 1011 948 virtutum
1036 873 1213 975 eupertibus

172 968 202 1056 si
223 972 347 1058 dicendi
368 995 491 1080 copiam
510 996 739 1076 tradiderimus,
760 1018 825 1064 non
845 1018 902 1066 eos
925 979 1048 1086 quidem
1070 1011 1212 1069 oratores

171 1108 382 1185 effecerimus,
406 1111 464 1176 sed
484 1110 656 1180 furentibus
679 1116 835 1201 quaedam
857 1135 945 1183 arma
966 1112 1153 1184 dederimus.
1199 1150 1203 1159 ·

255 1223 325 1290 XV.
363 1225 415 1292 56.
447 1225 549 1307 Hanc,
577 1233 720 1318 inquam,
748 1235 907 1319 cogitandi
933 1235 1230 1327 pronuntiandique
1326 1214 1328 1223 ¹

170 1344 325 1429 rationem
348 1346 471 1431 vimque
502 1346 630 1436 dicendi¹
651 1362 775 1418 veteres
802 1350 917 1418 Graeci
944 1355 1130 1439 sapientiam
1154 1354 1213 1419 no‘·
1242 1402 1244 1405 -

106 1524 110 1531 ,
170 1460 339 1526 minabant.
391 1459 471 1528 Hiuc
497 1462 546 1529 illi
572 1462 710 1551 Lycurgi
740 1468 813 1535 hinc
837 1469 951 1536 Pittaci
975 1470 1049 1536 hinc
1075 1468 1213 1538 Solones

171 1591 263 1663 atque
291 1558 331 1644 ab
353 1578 414 1662 hac
435 1581 637 1649 similitudine
660 1581 849 1652 Coruncanii
870 1568 969 1656 nostri
989 1586 1128 1655 Fabricii
1149 1586 1212 1654 (la-

169 1705 261 1760 tones
291 1693 459 1781 Scipiones
491 1697 631 1779 luerunt,
665 1722 729 1767 non
758 1713 833 1767 tarn.
853 1705 990 1771 sortasse
1023 1706 1122 1781 docti,
1155 1707 1213 1774 sed

169 1814 286 1897 impetu
315 1816 426 1878 mentis
458 1816 555 1883 simili
587 1829 618 1884 et
642 1804 810 1885 voluntate.
870 1819 989 1887 Eadem
1022 1833 1125 1891 autem
1156 1798 1212 1888 alii

110 1956 120 1989 τ
169 1929 347 2016 prudentia,
378 1932 434 1996 sed
456 1934 595 2010 *consilio
611 1932 665 2001 'ad
690 1938 774 2002 vitae
801 1938 905 2021 studia
934 1939 1052 2033 dispari
1078 1943 1211 2026 quietem
1298 1947 1300 1951 ’

169 2058 261 2134 atque
289 2049 382 2113 otium
408 2054 521 2126 secuti,
548 2062 581 2117 ut
601 2051 798 2138 Pythagoras
819 2052 1016 2122 Democritus
1035 2057 1226 2143 -Anaxagof

163 2186 236 2242 eas,
264 2185 285 2232 a
308 2168 456 2250 regendis
484 2170 661 2236 ciuitatibus
685 2181 768 2239 totos
795 2192 830 2239 se
859 2174 900 2239 ad
927 2177 1136 2259 cognitionem
1159 2195 1210 2242 re·

166 2304 236 2348 rann
264 2283 505 2364 transtulerunt3
536 2306 617 2372 quae
635 2272 713 2371 'uita
742 2299 868 2376 propter
893 2292 1149 2379 tranquillitatem
1180 2296 1223 2358 et'

92 2544 95 2549 '
168 2542 221 2599 soll
240 2539 343 2593 habent
360 2538 412 2591 Go.
429 2537 466 2602 1.,
491 2552 571 2605 quem
590 2535 620 2590 0.
638 2544 722 2589 vocat
738 2536 839 2601 liena,
858 2545 886 2591 et
901 2538 927 2592 2.
963 2539 1020 2593 Sed
1037 2539 1211 2596 scribendum
1293 2584 1303 2595 .

169 2643 240 2680 cero
261 2627 339 2677 enim
357 2617 716 2695 1τεόνγε,·ἆλη6ῶςγᾶρ,
741 2631 771 2675 ut
785 2620 935 2676 Lambinus
953 2623 1040 2690 dedit,
1063 2625 1211 2679 secondom

168 2710 220 2782 ng.
240 2707 400 2764 112631.
418 2705 461 2761 67.
480 2706 522 2761 69.
542 2707 599 2772 76,
623 2706 706 2776 idque
723 2707 811 2760 solum
833 2715 925 2777 aptium
943 2717 984 2761 est
1003 2707 1039 2761 ad
1059 2710 1152 2778 priora
1175 2711 1211 2766 de

169 2812 289 2866 persona
314 2792 431 2846 oratoris
454 2792 527 2867 dieta
551 2789 748 2845 confirmanda.
782 2796 861 2846 etnim
883 2809 950 2846 aero
973 2791 998 2848 θ.
1022 2819 1059 2837 κν
1092 2794 1209 2863 patentia

169 2880 300 2950 quidem]
323 2878 362 2934 sie
386 2876 494 2931 divisim
516 2875 567 2946 Ing.
585 2875 627 2931 23.
650 2875 693 2934 24.
718 2876 760 2933 67.
785 2876 827 2930 66.
851 2877 957 2932 7666.
981 2878 1023 2938 81.
1048 2877 1211 2937 6186.-

170 2964 277 3022 audita
296 2962 384 3029 lecta]
403 2962 458 3021 inv.
475 2960 527 3032 hg.
545 2960 579 3014 61
596 2978 667 3014 corr.
703 2965 822 3032 opilata
840 2944 893 3027 cin.
914 2962 964 3017 Gn.
987 2962 1009 3018 l.

98 3095 103 3102 -
184 3123 195 3138 .
256 3064 298 3121 55.
332 3080 393 3119 aaa
410 3063 569 3132 quaedam]
588 3063 735 3131 quaedam
753 3080 805 3116 orn.
825 3063 876 3143 lpg.
894 3063 920 3122 6.
940 3063 982 3123 st.
1000 3094 1035 3111 -ι
1061 3072 1090 3118 et
1102 3066 1209 3138 pares]

168 3169 209 3209 ae,
220 3167 311 3222 pares
333 3147 384 3219 Lg.
406 3147 445 3201 15.
468 3144 510 3205 24.
532 3148 574 3205 86.
592 3175 628 3192 -ν
655 3149 718 3201 alia
735 3152 833 3219 atrapis
850 3149 923 3217 alia]
947 3149 1011 3205 alia
1030 3151 1094 3204 alia
1110 3155 1210 3222 mepta

166 3237 217 3307 Lg.
236 3235 279 3291 16.
315 3232 353 3287 el.
374 3237 472 3304 mupis
491 3249 581 3302 paam
599 3232 637 3286 al.
658 3233 699 3288 15.
719 3232 754 3286 ‘24
771 3251 842 3289 corr.
861 3234 904 3288 86.
941 3233 1006 3288 alia
1024 3235 1139 3292 alterurn
1155 3253 1208 3290 ont.

164 3322 219 3378 Gn.
238 3319 261 3374 l.
282 3350 313 3366 -κ
343 3323 395 3388 qui
418 3319 562 3385 audiant]
586 3326 682 3374 contra
703 3319 782 3372 codd.
804 3320 931 3375 audiant
948 3317 1019 3371 lunt.
1043 3317 1120 3374 Geor.
1143 3319 1224 3373 Sco..

167 3405 267 3462 llenrc
285 3402 351 3462 Non
367 3420 436 3473 opos
455 3412 484 3456 ut
502 3403 556 3466 sint
578 3405 606 3456 οἱ
623 3399 786 3469 ἀκούοντες,
809 3390 924 3473 possunt
943 3402 1023 3455 etlam
1044 3419 1104 3460 esso
1122 3405 1149 3456 ol
1164 3402 1209 3458 dei

166 3485 320 3549 ἀκούοντες.
346 3487 437 3547 Etiam
455 3488 639 3557 qutattdteat
656 3496 729 3546 esset
746 3487 885 3557 quomodo
898 3485 1209 3559 defenderemulgitur
1288 3552 1294 3561 .

166 3574 230 3628 libri
246 3573 379 3643 sequendi
396 3573 520 3631 luerunts
537 3590 563 3627 v.
585 3573 785 3659 explicationes
802 3571 838 3625 ad
856 3570 890 3631 11.
910 3570 958 3637 43,
977 3571 1033 3631 182,

253 3675 314 3736 XV.
344 3675 386 3730 56.
415 3677 547 3745 inquom]
566 3691 656 3745 petam
673 3674 722 3745 ng.
741 3682 852 3744 practer
870 3672 910 3728 15.
924 3672 964 3727 16.
981 3673 1021 3730 76.
1038 3675 1079 3728 73.
1097 3675 1139 3730 86.
1153 3675 1207 3742 ss,

167 3762 232 3813 item
249 3759 321 3812 Viet.
339 3759 390 3814 Gn.
406 3759 429 3819 1,
441 3759 466 3814 2.
495 3759 611 3813 illorum>
625 3758 666 3812 16.
685 3775 737 3813 om.
757 3762 887 3828 inquam,
907 3757 948 3812 16.
960 3758 1001 3814 to.
1016 3758 1057 3814 tt.
1071 3759 1113 3813 86.
1135 3778 1207 3829 que:

167 3853 197 3897 ut
216 3847 338 3913 inquam
354 3843 481 3898 videatur
499 3862 560 3898 esse
577 3844 674 3915 Angeli
692 3842 822 3915 Politiani
840 3844 1029 3911 correctio‚‘si
1047 3843 1153 3912 quidem
1172 3845 1208 3898 od

166 3929 313 3983 curandam
339 3930 486 3984 editionem
504 3930 657 3983 Romanam
681 3929 741 3983 eod.
759 3927 801 3983 93,
827 3929 885 3982 eius
908 3930 1070 3983 auctoritato
1092 3930 1208 3998 scriptus

166 4024 217 4081 est,
236 4015 282 4085 qui
293 4016 365 4069 illios
376 4017 528 4086 scripturae
543 4032 611 4067 untts
627 4014 688 4069 lons
702 4013 862 4068 ostenditur.
886 4013 964 4087 Ferri
977 4023 1071 4090 posset
1084 4012 1207 4067 codicum

160 4101 274 4166 ’lectioJ
282 4101 311 4153 'si
333 4100 480 4153 adderetur
501 4116 563 4153 nos.
581 4127 616 4139 »-
640 4098 842 4165 teomneana]
865 4096 1033 4151 Cornacates
1052 4097 1102 4166 Lg.
1121 4097 1146 4148 6.
1166 4093 1206 4151 17.

167 4183 209 4240 211.
226 4184 269 4242 23.
289 4184 332 4240 65.
351 4184 393 4241 76.
411 4183 454 4239 93.
475 4183 544 4241 Viet.
563 4213 599 4227 -
623 4200 682 4239 noa
704 4184 779 4251 tam]
800 4199 860 4240 aaa
881 4188 982 4253 tamea
1004 4179 1054 4253 hg.
1073 4176 1144 4233 3.'5.
1165 4176 1204 4235 lt.
1303 4190 1307 4196 ’
