2876 4612
180 334 183 343 ’
286 333 386 405 4⁰8
686 327 946 404 CICERONIS

369 494 530 564 texult*
555 497 626 564 1119.
659 495 773 566 Dicunt
798 502 893 586 igitur
918 519 1000 568 nuno
1028 500 1164 587 [quidem
1190 502 1252 584 iili]
1285 506 1346 590 qui

287 637 327 686 ex
347 616 503 704 particule
522 634 622 702 parua
647 616 735 682 urhis
763 637 802 683 ac
827 618 893 684 loci
918 638 1032 684 nomen
1051 618 1168 685 habent
1194 631 1225 686 et
1246 620 1348 688 Peri-

285 735 412 823 patetici
432 730 611 820 philosophi
634 742 687 798 unt
702 733 888 801 Academici
908 738 1115 815 nominantur,
1138 737 1214 803 olim
1231 748 1347 804 autem

198 871 208 880 ·
287 862 413 941 propter
439 851 586 917 eximiam
611 869 716 916 rerum
736 855 940 917 maximarum
966 855 1131 918 scientiam
1157 873 1179 919 a
1201 853 1347 922 Graecis

287 970 408 1059 politici
423 966 601 1054 philosophi
620 944 769 1054 appellati
787 971 1004 1034 universarum
1021 969 1344 1056 rerumpublicarum

37 1103 52 1151 t
287 1088 413 1153 nomine
433 1083 641 1162 vocabantur,
670 1104 793 1151 omnem
819 1087 945 1152 civilem
971 1089 1146 1152 orationem
1170 1087 1344 1155 inhorum

29 1142 66 1193 pi*
104 1104 272 1194 »meldad

31 1205 78 1262 vo
99 1195 262 1300 fovela
290 1190 440 1270 alterutro
462 1220 580 1286 genere
601 1203 734 1279 versari,
759 1212 812 1268 aut
834 1202 871 1267 de
893 1202 981 1269 finita
1002 1206 1219 1271 controversia
1240 1210 1343 1272 certis

289 1319 480 1407 temporibus
512 1337 550 1383 ac
576 1319 658 1396 reis,
689 1316 750 1384 hoc
780 1318 893 1385 modo:
930 1321 1094 1386 Ptoceotue
1121 1340 1143 1386 c
1170 1322 1342 1406 Corthopi-

290 1432 451 1506 ot'enst'bus
477 1437 618 1516 captivos
644 1444 771 1501 uestros
797 1439 927 1502 redditis
951 1440 1020 1526 sois
1044 1442 1255 1520 recuperarit)
1282 1451 1341 1506 aut

290 1554 406 1620 inbuite
438 1551 478 1619 de
504 1552 651 1619 uniuerso
677 1571 796 1637 genere
829 1555 1008 1638 quaerentis
1039 1558 1116 1638 quid
1143 1559 1272 1623 omniuo
1300 1560 1342 1623 de

376 1799 501 1861 xxvio.
537 1800 594 1858 los.
630 1801 734 1857 dicunt
755 1805 847 1876 tpttur
867 1818 944 1857 nunc
962 1804 1093 1875 [pecodem
1115 1802 1178 1872 elle]
1202 1805 1269 1874 pud]
1291 1803 1340 1858 hic

292 1893 362 1948 ordo
385 1899 443 1955 est,
469 1905 549 1958 quem
573 1886 623 1943 Or.
641 1889 727 1943 fleur.
750 1887 945 1955 exhibuerunt,
967 1889 1012 1942 hic
1034 1898 1125 1943 tumen
1149 1890 1209 1942 iure
1231 1889 1339 1943 addens

292 1977 339 2030 ello
356 1974 519 2028 eliciendum
535 1973 634 2026 videri.
670 1973 774 2025 dicunt
791 1976 883 2042 iqitur
901 1975 955 2037 olli,
975 1977 1027 2044 qui
1041 1991 1118 2027 nunc
1135 1973 1254 2042 quidem
1270 1974 1338 2027 Sch.

292 2057 406 2123 bineli,
430 2056 496 2108 etsi
515 2055 728 2125 transpositione
747 2054 792 2107 hic
808 2056 885 2110 iocus
902 2053 1039 2111 sonandus
1056 2058 1213 2123 videretur,
1236 2057 1338 2127 proho-

291 2141 372 2197 bilius
395 2141 449 2193 hoc
472 2147 559 2204 esset,
581 2155 661 2207 quom
679 2137 768 2194 Orelli
791 2139 870 2195 ratio.
907 2140 984 2194 Libri
1000 2143 1118 2195 enimet
1136 2142 1199 2196 edd.
1219 2136 1283 2194 inde
1300 2143 1338 2196 oh

292 2224 483 2294 antiquissimis
501 2222 604 2276 dicunt
622 2227 714 2293 opiter
730 2240 805 2277 nunc
824 2225 943 2293 quidem
962 2226 1008 2280 ills
1024 2230 1089 2296 qut,
1106 2218 1262 2296 hyperbato
1279 2243 1338 2279 non
1417 2254 1418 2303 ;

291 2309 424 2374 serendo,
454 2308 477 2360 si
506 2308 565 2376 quis
588 2316 674 2361 sures
701 2307 815 2362 Latinas
839 2307 930 2364 habet.
966 2310 1024 2363 Sed
1047 2311 1176 2365 videntur
1202 2309 1340 2362 eiicienda

292 2394 412 2466 putdem
429 2392 490 2456 1111,
517 2408 631 2460 quorum
647 2392 760 2445 alterum
779 2410 815 2445 ex
832 2397 884 2462 qui
900 2403 1033 2463 sequente
1050 2403 1154 2459 ortum,
1173 2393 1258 2463 idque
1275 2385 1338 2449 edm

292 2480 320 2534 in
338 2477 426 2532 verbs
443 2474 584 2529 Ciceronis
600 2476 762 2546 irrepsisset,
779 2476 834 2530 siin
850 2494 944 2531 monus
962 2478 1067 2531 eddidit
1084 2478 1139 2532 tlte.
1169 2477 1211 2530 ite
1226 2478 1287 2531 ieci.
1299 2506 1338 2517 —-

293 2562 455 2636 appellati]
474 2577 527 2614 om.
547 2559 597 2630 Lg.
618 2561 658 2613 lo.
677 2561 718 2614 70.
738 2560 780 2617 73.
796 2591 833 2601 —
858 2564 1034 2629 orationem]
1054 2567 1203 2616 rationem
1221 2561 1273 2632 Lg.
1290 2561 1337 2616 35.

292 2649 332 2701 ito
351 2663 421 2699 corr.
439 2643 482 2698 81.
501 2673 537 2683 -
564 2644 601 2696 de
622 2643 710 2712 finita
736 2644 1045 2712 controuersial'honc
1068 2646 1191 2700 codicum
1217 2647 1338 2699 omnium

292 2732 455 2800 scripturam
476 2710 599 2793 restitut,
625 2745 703 2796 quom
721 2727 823 2783 Pearc‘
845 2746 881 2782 ex
900 2746 952 2800 mg.
973 2730 1074 2783 codicis
1091 2732 1117 2784 d.
1142 2732 1170 2783 iu
1195 2729 1339 2798 definitae

294 2815 511 2871 controuersiae
535 2811 656 2866 mutavit.
692 2811 776 2869 Quod
799 2812 822 2865 si
846 2813 963 2867 somme
990 2824 1105 2885 propter
1129 2815 1283 2885 oppositum
1307 2813 1338 2866 in

292 2900 382 2953 altero
400 2895 522 2950 membro
539 2896 686 2966 genitivum
704 2900 875 2970 quaerentis
890 2915 907 2949 a
924 2897 1043 2951 Peorcio
1062 2907 1215 2952 correctum
1233 2905 1282 2963 est,
1300 2913 1339 2949 eu

292 2985 354 3054 ipse
369 2984 451 3034 causei
463 2979 572 3033 videtur
590 2996 607 3031 a
621 2982 791 3034 correctione
804 2979 966 3034 abstinendi.
991 2981 1065 3050 *Nom
1082 2983 1146 3050 quid
1162 2990 1205 3035 est
1218 2986 1339 3034 contro-

292 3069 389 3121 uersia
415 3064 580 3134 quaerens?
615 3062 765 3122 Quaeritur
789 3066 891 3134 aliquid
914 3069 1119 3132 controversia,
1147 3083 1203 3119 non
1227 3073 1337 3118 contro·

292 3149 386 3207 versio
413 3147 527 3219 quaerit.
575 3148 618 3202 Au
646 3153 815 3216 pituerensis
845 3149 910 3217 quid
939 3150 1081 3204 subaudiri
1109 3150 1196 3220 possit
1225 3156 1338 3219 praeter

293 3239 425 3290 crederis
449 3249 504 3286 uon
528 3232 619 3286 video.
661 3231 858 3303 Corrigendum
881 3241 923 3285 est
945 3234 983 3287 de
1005 3235 1109 3303 finita,
1142 3243 1171 3287 ut
1192 3232 1338 3297 sententia,

293 3335 447 3391 quanquam
469 3317 553 3388 poulo
575 3316 731 3386 impeditior
749 3324 864 3387 propter
887 3319 1049 3387 interposite
1071 3325 1192 3372 constets
1219 3332 1337 3370 omnem

294 3409 462 3459 orationem
486 3404 518 3453 in
541 3400 686 3453 alterutro
707 3416 813 3469 pestere
831 3405 963 3465 uersari,
987 3408 1041 3455 eut
1063 3400 1100 3454 de
1114 3401 1202 3470 finita
1220 3406 1337 3455 contro-

293 3490 391 3543 versia
407 3515 443 3526 —
461 3491 513 3539 eut
535 3484 650 3552 infinite
673 3483 710 3536 de
726 3487 864 3537 universo
882 3501 988 3554 pestere
1011 3489 1188 3554 quaerentis.
1224 3484 1336 3553 Quippe

293 3574 462 3644 quaereretis
476 3585 536 3623 cum
549 3571 684 3621 oratione
696 3567 913 3639 subiungendum
929 3579 971 3623 est
990 3578 1018 3622 et
1031 3569 1179 3640 opponitur
1192 3584 1337 3638 quaerens

294 3657 331 3711 ‘de
342 3656 430 3726 finita
444 3652 624 3726 temporibus
637 3659 666 3706 et
679 3656 740 3706 reis
752 3657 954 3708 controversia
968 3662 996 3706 et
1008 3669 1152 3723 meamus
1166 3652 1289 3722 infeste.
1300 3680 1335 3694 -

293 3741 370 3796 daec
389 3740 500 3805 autem]
519 3743 620 3791 cutm
638 3755 691 3792 om.
710 3736 760 3808 ng.
781 3735 822 3788 15.

381 3823 438 3877 llo.
475 3823 634 3891 loquuntur
661 3819 724 3884 eds,·
751 3818 808 3873 hac
835 3821 939 3888 etium]
967 3819 1054 3874 verbs
1080 3819 1165 3892 vulgo
1185 3821 1265 3875 'hecto
1291 3817 1340 3873 eds

293 3924 400 3980 quaeq.
425 3904 558 3960 rhetores
585 3904 775 3958 Hotumonnus
801 3905 958 3957 coniectura
985 3904 1138 3974 supplevit,
1167 3920 1248 3973 quom
1274 3909 1338 3972 post

292 3992 357 4046 Sch.
375 3990 542 4043 recentiores
559 3988 644 4040 secuti
662 3995 732 4040 sunt.
769 3987 886 4041 Codices
903 3998 949 4042 out
967 3989 1133 4058 deportentur,
1151 3997 1199 4041 out
1215 3988 1336 4056 lepreon·

176 4136 179 4141 ¹
292 4080 341 4128 tur
358 4072 474 4135 hobent3
495 4070 616 4139 sequitur
635 4069 733 4123 deinde
753 4080 816 4139 post
833 4071 1035 4125 distinctionem
1051 4071 1336 4126 maximum-Etiam

291 4155 348 4209 hac
367 4164 418 4209 etc.
454 4153 628 4224 loquantur
646 4152 746 4222 legitur
762 4153 790 4209 in
806 4154 872 4211 VSt.
888 4176 914 4211 α.
926 4168 959 4226 ψ.
978 4174 1031 4226 mg.
1045 4158 1071 4210 d.
1091 4155 1142 4212 Gn.
1158 4155 1183 4211 1.
1197 4154 1224 4207 h.
1241 4152 1293 4222 Lg.
1307 4155 1332 4209 3.
