2938 4590
407 323 466 389 os
496 320 1009 421 carcassionensi.
1139 328 1230 401 aro

187 490 316 569 Crasse,
338 491 461 571 laudas,
483 513 546 559 non
568 502 645 571 arte,
668 492 707 559 dc
724 512 787 583 qua
804 492 886 579 quid=
899 492 1012 579 loturar
1031 495 1151 572 nascio,
1174 494 1231 561 scd

186 620 272 676 motu
292 629 406 695 magno
429 612 524 676 anlmi
547 630 586 676 ac
604 609 725 688 dolore,
747 620 780 676 ut
801 610 1009 677 discinderem
1029 613 1175 688 turricam,
1197 621 1231 699 ut

179 728 351 793 cicatrices
369 728 586 794 ,ostenderem
639 726 712 793 196.
744 724 823 792 Cum
850 725 884 792 C.
906 706 1029 793 Marius
1055 748 1229 794 maerorem

187 845 338 910 orationis
360 852 450 910 meae
472 864 624 932 praesens
652 864 691 911 ac
716 844 831 910 sedens
853 844 979 910 multum
1000 844 1140 912 lacrimis
1162 849 1229 912 suis

186 961 347 1028 adiuvara
374 980 504 1046 cumque
535 980 596 1046 ogo
622 961 710 1027 illum
737 961 848 1028 crebro
879 962 1041 1048 appellans
1069 962 1225 1048 collegam

184 1079 217 1142 ei
243 1098 332 1145 suum
354 1077 602 1145 commendarem
629 1088 720 1163 atque
747 1081 846 1165 ipsum
869 1072 1053 1145 advocatum
1080 1080 1122 1145 ad
1143 1099 1228 1147 com·

185 1214 307 1263 munem
338 1197 558 1282 imperatorum
587 1195 741 1261 fortunam
765 1174 997 1263 'defendendam
1029 1198 1225 1263 invocarem:

183 1332 247 1377 rron
268 1312 325 1376 luit
345 1310 426 1378 haec
447 1313 517 1379 sine
538 1313 617 1378 meis
638 1312 789 1391 lacrimis,
810 1333 873 1379 non
894 1315 962 1379 sine
978 1297 1088 1380 dolore¹
1110 1333 1225 1399 magno

183 1430 345 1494 miseratio
374 1431 569 1514 omniumque
597 1429 726 1496 deorum
757 1420 968 1509 othoninum
999 1440 1030 1497 et
1056 1432 1168 1497 civium
1195 1441 1226 1497 et

183 1547 342 1610 sociorum
363 1545 551 1631 imploratio.
595 1543 716 1624 Quibus
738 1544 880 1611 omnihus
896 1546 1011 1625 verbis,
1033 1568 1113 1633 quae
1133 1569 1157 1637 a
1174 1569 1224 1617 mo

181 1671 245 1726 turn
268 1671 339 1726 surrt
353 1638 480 1738 'habita
503 1663 531 1726 si
553 1661 645 1728 dolor
666 1661 819 1727 abluisset
839 1681 942 1739 meus,
964 1682 1028 1729 non
1048 1665 1140 1731 modo
1161 1685 1225 1731 non

85 1786 94 1793 ‘
183 1775 386 1854 miserabilia,
404 1778 461 1843 sed
476 1779 570 1844 etiarn
585 1778 746 1844 irridenda
761 1778 873 1844 fuisset
890 1781 991 1845 oratio
1006 1798 1086 1844 mea.
1122 1778 1224 1859 Quam

184 1891 225 1961 olr
247 1912 312 1959 rem
333 1891 394 1961 lroc
414 1915 472 1961 vos
495 1895 608 1973 doceo,
635 1893 772 1982 Sulpici,
797 1894 899 1962 honus
927 1915 987 1981 ego
1008 1895 1156 1963 videlicet
1178 1906 1225 1964 at-

180 2030 242 2095 que
265 2010 403 2077 cruditus
424 2014 591 2097 magister,
618 2023 651 2080 ut
676 2016 710 2080 in
731 2014 864 2081 dicendo
885 2016 982 2080 irasci
1009 2023 1042 2080 ut
1063 2013 1171 2080 dolero
1192 2025 1225 2081 ut

180 2126 255 2193 dero
276 2130 414 2214 possins.
468 2129 540 2196 191.
573 2129 758 2217 Quanquam
783 2131 960 2216 tequidem
989 2130 1143 2216 quidhoc
1166 2132 1224 2199 do-

163 2263 278 2335 ceam,
300 2247 351 2330 qui
374 2248 408 2310 in
426 2247 605 2313 accusando
628 2248 732 2314 sodali
756 2253 797 2329 [et
813 2250 990 2334 quaestore]
1013 2267 1084 2314 mco
1105 2258 1223 2314 tantum

180 2360 358 2427 incendium
387 2365 618 2428 moderatione
644 2363 761 2438 solum,
792 2364 970 2430 sedetiam
996 2362 1091 2428 multo
1118 2365 1222 2446 magis

182 2575 240 2629 dol.
260 2573 311 2646 Lg.
330 2574 370 2628 15.
389 2573 431 2628 11.
457 2592 508 2633 om.
527 2573 623 2630 36.—-
587 2575 794 2647 —tontcooq
812 2576 952 2631 inducam
969 2574 1021 2629 Gu.
1039 2574 1119 2630 3.—
1143 2580 1223 2631 oica·
1245 2536 1253 2547 ·

181 2658 284 2730 trices]
306 2663 415 2713 citatos
433 2676 482 2712 eos
503 2660 554 2715 Gn.
573 2659 598 2715 3.

268 2759 325 2816 196.
366 2759 405 2815 C.-
417 2759 552 2831 Marias]
574 2761 618 2817 M,
642 2760 764 2816 Matius
786 2761 836 2833 Lg.
861 2760 960 2817 13.-
926 2761 1168 2832 merorem]
1193 2778 1222 2818 v,

179 2864 270 2918 supro.
288 2875 324 2885 -
354 2845 502 2916 lacrimis]
521 2848 561 2899 sic
578 2846 627 2918 ng.
646 2847 671 2901 1.
693 2846 732 2901 13.
753 2847 792 2901 14.
813 2846 854 2902 15,
874 2846 914 2901 16.
935 2844 1097 2902 111611.
1119 2846 1221 2901 1431.

178 2932 222 2987 35.
236 2930 277 2984 36.
293 2929 335 2984 65.
354 2930 396 2985 67.
416 2932 457 2984 16.
475 2930 516 2986 73.
533 2931 574 2986 16.
592 2931 635 2987 64.
653 2932 696 2986 66.
717 2930 768 2988 Gu.
783 2931 808 2987 1.
844 2931 1000 2986 lachrimis
1017 2948 1039 2984 s.
1062 2930 1221 2999 lachrymis

178 3014 218 3068 Vl
231 3014 325 3081 codd,
343 3015 422 3084 pauci
441 3015 591 3072 lacrumis.
607 3046 643 3056 -
670 3016 806 3086 canaque]
824 3034 891 3070 crem
907 3017 955 3070 ool
970 3016 1022 3070 Gu.
1036 3014 1061 3072 3.
1091 3033 1146 3086 eqo
1165 3034 1218 3079 om,

179 3101 203 3154 4.
222 3099 253 3152 81
273 3099 335 3153 add.
352 3128 387 3140 -—
413 3099 573 3171 colloquor]
597 3100 750 3172 coaleqam
771 3100 822 3173 Lg.
841 3101 883 3156 65.
901 3102 942 3156 79.
963 3101 1003 3155 73.
1024 3131 1055 3140 -
1088 3100 1135 3170 ei]
1156 3104 1220 3156 eius

177 3184 230 3240 Ωιι.
251 3182 327 3238 l.-
355 3183 547 3255 lammisz.
565 3194 689 3239 ante.—
714 3184 885 3256 mtseratio]
905 3190 967 3240 sive
984 3190 1048 3239 rati
1069 3184 1121 3239 Ga.
1141 3184 1166 3240 3
1184 3215 1220 3228 .-

177 3266 375 3343 omoiamqac]
396 3272 527 3323 omnium
544 3268 593 3339 Lg.
608 3269 642 3322 31
652 3287 721 3324 corr
739 3269 832 3326 67.-
851 3274 879 3323 st
896 3269 1018 3339 dolor]
1011 3286 1066 3324 inv.
1081 3267 1132 3340 Lg.
1146 3268 1171 3323 6.
1184 3298 1219 3309 -

177 3350 423 3422 adfuisset11zdfl
448 3351 498 3424 lag.
515 3352 557 3408 61
591 3354 643 3427 aff
666 3353 701 3407 64
718 3371 842 3409 corn-
872 3351 1039 3423 Irrideada]
1059 3353 1220 3409 invadenda

177 3436 556 3508 113Μ5631651073.

264 3537 323 3592 191.
360 3537 583 3609 quanquam]
560 3555 601 3592 src
618 3536 668 3607 [ις.
683 3537 745 3591 XV.
752 3554 895 3607 ,quorum
911 3545 975 3592 sunt
992 3536 1034 3592 13
1052 3512 1094 3592 31.
1112 3537 1154 3593 36.
1173 3537 1219 3594 69.

176 3622 219 3676 16
238 3621 332 3677 13.-
351 3625 382 3675 ia
406 3620 588 3690 accusando]
608 3625 640 3675 ίιι
664 3637 716 3675 om.
735 3621 787 3674 Gu.
805 3622 830 3675 3.
864 3621 964 3675 adeas.
983 3617 1033 3693 L'g.
1051 3620 1094 3678 66.
1113 3621 1155 3677 61.
1175 3623 1216 3678 10.

177 3705 219 3759 13.
235 3735 271 3745 -
287 3712 317 3758 et
331 3706 500 3776 quaestore]
518 3705 624 3759 uncinis
640 3706 733 3775 saepsi
749 3706 837 3759 verba
854 3707 954 3760 omissa
971 3705 1006 3759 ab
1023 3706 1073 3777 ng.
1093 3707 1217 3762 omnibus

175 3799 287 3861 praeter
298 3788 340 3845 61.
353 3790 395 3845 84.
422 3790 522 3845 Addita
537 3789 667 3843 videntur
683 3787 718 3842 ab
731 3807 776 3855 eo,
795 3792 842 3861 qul
857 3800 971 3861 propter
987 3791 1074 3861 ipsam
1091 3798 1217 3859 quaestu·

173 3892 240 3931 ram.
256 3874 307 3929 snb
324 3876 444 3931 Antonio
466 3882 567 3946 gestam
592 3874 727 3928 sodalem
749 3875 807 3933 elas
830 3874 884 3929 dici
900 3875 1061 3931 Norbanum
1077 3891 1136 3927 oon
1157 3891 1217 3943 per·

20 3926 33 4039 ἶ
130 3974 131 3977 ’
173 3961 321 4030 aspicerent.
356 3958 463 4013 Eodem
488 3959 597 4013 nomine
622 3959 720 4014 dicitur
743 3977 766 4016 c.
791 3959 840 4027 49,
865 3960 925 4015 196.
958 3967 988 4014 et
1015 3976 1068 4013 om.
1092 3958 1162 4012 Vict.
1181 3988 1215 3999 -

174 4050 268 4103 attam
284 4045 377 4101 molto
388 4041 499 4112 maycr]
513 4044 557 4123 ,sic
573 4045 675 4100 ιιιιιιιιιί
688 4046 825 4116 vulgatam
843 4045 990 4098 verborum
1007 4043 1215 4096 collocationem

174 4131 268 4184 molto
291 4132 384 4184 ettam
404 4145 460 4190 m.‚
482 4124 590 4181 secutus
610 4126 662 4197 Lg.
685 4128 710 4187 1.
734 4128 760 4183 3.
778 4131 803 4185 4.
826 4128 853 4182 6.
878 4128 919 4183 13.
936 4127 978 4181 31.
998 4125 1040 4178 36.
1067 4124 1216 4178 (11.3.-
