2958 4584
416 247 476 313 DE
503 245 732 317 onnnonn
759 248 883 317 LIBER
904 248 942 315 11.
965 251 1015 317 le.
1147 254 1241 331 “1

190 432 285 489 sones
315 417 566 504 suspendisse,
593 417 667 495 sed,
692 419 743 503 qui
771 421 873 503 magis
899 438 993 506 mom
1012 418 1159 487 Pborrnin
1181 420 1238 486 do·

188 538 318 613 lirant,
348 536 466 603 vidisse
499 536 664 603 nerninem.
724 533 833 621 Neque
865 556 913 603 me
946 535 1079 603 Hercule
1111 538 1239 611 iniuriis,

191 656 243 720 76.
273 652 354 733 Quid
375 630 458 718 enirn
480 663 532 718 aut
554 654 753 736 arrogantius
776 663 830 718 aut
851 653 1016 739 loquacius
1038 655 1106 721 ieri
1127 656 1237 742 potuit,

193 785 284 857 quom
311 769 496 848 Hannibali,
528 772 581 857 qui
607 780 653 836 tot
680 772 771 839 anuis
805 772 844 835 de
870 773 1001 858 imperio
1027 793 1097 841 curn
1122 772 1235 860 populo

191 887 330 954 Romano
354 882 648 973 omniumssgentium
668 891 788 955 notorc
810 891 978 967 certasset,
1002 888 1156 959 Graecum
1177 888 1236 959 ho·

190 1009 316 1082 minem,
346 1007 399 1091 qui
424 1025 582 1090 nunquam
608 1004 743 1083 bostem,
775 1018 933 1091 nunquam
960 1017 1067 1074 castro
1092 1007 1238 1084 visisset.

188 1143 345 1208 nunquam
366 1122 500 1208 denique
522 1124 681 1191 miuimom
701 1135 820 1210 pentem
840 1124 936 1191 ullius
957 1124 1076 1212 publici
1097 1125 1235 1191 muneris

135 1259 140 1265 ·
189 1243 354 1334 attigisset,
375 1250 544 1326 praecepta
565 1239 604 1305 dc
622 1261 657 1334 re
677 1240 805 1325 militari
827 1242 922 1308 deret
952 1239 1020 1308 Hoc
1036 1241 1112 1327 mibi
1126 1242 1236 1313 succro.
1337 1236 1341 1243 ’

188 1377 296 1424 omnes
328 1359 396 1433 isti,
431 1357 484 1441 qui
517 1357 555 1424 dc
589 1368 656 1427 arte
684 1358 808 1427 direndi
833 1362 1040 1452 praecipiunt.
1074 1359 1234 1437 uidenturt

188 1621 302 1676 bineli:
329 1622 443 1675 alterum
466 1623 555 1679 sltero
581 1623 710 1677 inutilius.
733 1652 770 1662 -
805 1625 935 1695 optume]
965 1625 1060 1694 scripsi
1085 1625 1234 1680 remurinus

187 1707 279 1760 bonos
300 1705 381 1760 codd.
398 1706 447 1776 13.
468 1706 508 1761 13.
527 1706 569 1761 36.
587 1707 629 1766 nn.
649 1706 706 1771 79.;
732 1705 792 1760 sino
816 1725 909 1763 eorum
930 1709 1082 1778 praesidio,
1106 1711 1235 1765 etslslne
1304 1749 1308 1754 -

189 1789 273 1853 dubio
304 1806 389 1859 soepe
404 1791 592 1851 ,obliteratum
622 1799 678 1857 est,
708 1792 794 1860 recipi
824 1809 879 1845 uou
908 1793 1011 1846 debere
1038 1802 1113 1846 recte
1142 1802 1237 1851 censet

189 1872 342 1927 Muellerus
367 1874 402 1928 od
423 1875 503 1933 vorr.
526 1875 559 1935 L.
581 1875 613 1932 L.
639 1894 666 1946 pu
690 1874 833 1930 XXXVII.
879 1877 990 1947 erippe
1015 1895 1076 1930 curm
1100 1877 1190 1932 Varro
1215 1890 1236 1935 ct

188 1958 335 2028 probaret,
365 1959 395 2014 C.
421 1959 526 2017 caesar.
554 1965 568 2014 i
595 1959 769 2014 scribendum
796 1962 984 2031 praeciperet,
1013 1960 1155 2031 utrumque
1180 1964 1234 2023 lent
1299 1959 1304 1967 ’
1327 1964 1331 1973 ’

132 2042 135 2051 ’
189 2043 329 2099 Ciceronis
357 2046 449 2098 o'etuto
473 2046 600 2103 usitatum
622 2044 707 2102 inisse
735 2060 850 2101 neeesse
873 2054 928 2111 est,
954 2046 1034 2101 sicuti
1064 2055 1127 2116 post
1151 2049 1234 2103 silent

188 2129 276 2182 oltero
300 2129 346 2181 diu
369 2129 488 2198 probato
512 2131 628 2185 alterurn
650 2138 741 2185 tomen
761 2130 897 2199 reperitur
917 2129 944 2183 in
964 2131 1056 2186 titulis.
1089 2139 1233 2204 ¹optumus

189 2230 215 2282 p.
231 2192 280 2279 ln,
302 2211 328 2271 9.
359 2210 467 2280 3711
491 2214 673 2285 (Arrgustules
696 2215 724 2267 in
750 2231 784 2267 eo
807 2230 942 2267 murmure
966 2216 1233 2285 eourmensoruntnr).

189 2297 254 2362 171,
277 2297 293 2348 1
316 2296 416 2365 (inser.
439 2298 603 2367 Helvetico).
631 2298 699 2366 615,
724 2298 765 2353 11.
796 2298 878 2363 1116,
900 2299 916 2351 5
935 2298 1036 2355 Gruevr
1068 2319 1095 2369 p.
1113 2301 1181 2366 175,
1202 2300 1234 2354 11

189 2379 301 2435 Reines.
320 2380 472 2448 (decretum
495 2384 558 2439 anui
577 2383 629 2437 896
651 2385 685 2438 ab
704 2384 792 2451 urbe).
824 2382 890 2446 719,
913 2383 948 2436 67
971 2383 1099 2451 (liuvius
1119 2384 1234 2453 Augusti

189 2467 303 2523 libertus
332 2467 378 2535 qui
405 2476 585 2533 memoretur,
615 2468 780 2538 Vesposioni
809 2475 856 2520 ont
877 2465 995 2521 illiorum
1023 2467 1081 2520 eius
1103 2467 1234 2535 videtur).

189 2552 250 2617 765,
265 2550 322 2606 153.
350 2568 511 2604 masuetus
524 2561 613 2606 exsiot
631 2572 657 2624 p.
669 2553 730 2619 953,
742 2554 760 2608 6
774 2552 925 2621 (Antonino
936 2550 989 2605 Pio
1001 2550 1106 2605 dionius
1119 2551 1234 2618 titulus).

190 2637 331 2714 7911901.
345 2637 409 2707 pr),
442 2640 619 2690 moriturosne
639 2657 665 2709 p.
681 2638 741 2703 393,
758 2637 791 2691 lo
804 2638 896 2705 (inser.
910 2634 1111 2705 IIispouiensis)
1130 2634 1231 2689 Gruev.

190 2721 426 2775 acerbissumum
450 2721 477 2774 in
490 2721 653 2779 ‚laudatione
676 2720 783 2780 funebri
802 2721 900 2778 uetotis
916 2720 1031 2789 Augusti
1048 2738 1074 2789 p.
1092 2717 1144 2774 319
1162 2727 1179 2773 t.
1198 2716 1232 2780 II.

189 2804 276 2863 Orell.
311 2809 491 2861 aestumatio
509 2823 535 2861 u.
549 2806 623 2863 4866.
644 2826 670 2877 p.
684 2806 736 2859 355
748 2815 766 2860 t.
782 2804 816 2857 II.
844 2806 925 2861 Rotio
943 2806 1023 2876 igitur
1041 2820 1096 2857 non
1114 2811 1165 2869 est,
1182 2805 1234 2858 etsi

188 2891 296 2945 nunno
315 2891 472 2960 viscirale
492 2889 570 2944 Stilo
589 2892 642 2946 lot.
661 2912 686 2963 p.
709 2893 786 2961 196),
810 2908 877 2962 pree
901 2898 1013 2960 recepta
1035 2889 1234 2944 consuetudin

188 2993 320 3046 spernere
352 2993 422 3044 qtrae
450 2978 541 3033 fontes
572 2977 754 3047 probatissimi
784 2976 974 3047 suppeditent,
1006 2975 1062 3027 etsi·
1084 2975 1151 3035 ierri
1175 2989 1233 3029 nou

188 3069 288 3130 potest,
307 3062 381 3128 quotl
397 3080 453 3116 uon
468 3062 534 3114 nulli
549 3063 641 3116 omnio
656 3063 693 3116 uel
707 3080 787 3116 unuin
803 3062 880 3132 quusi
899 3059 1115 3128 normuursllrigl
1126 3058 1232 3112 volunt.

188 3145 269 3216 Apud
279 3144 522 3216 Liviunr'vulguris
533 3147 703 3200 consuetudo
716 3146 806 3199 adbuc
818 3146 949 3198 inviolato
962 3145 1068 3208 mansit,
1085 3143 1135 3197 etsi
1147 3158 1234 3213 saepe

190 3231 288 3291 mutari
306 3229 414 3301 debuit3
435 3246 461 3283 v.
474 3230 613 3285 Drakenb.
628 3229 819 3300 1111115911.
845 3228 893 3283 IX.
906 3228 950 3294 37,
962 3229 986 3283 5.
1009 3226 1121 3282 XXVII.
1135 3225 1233 3292 3211.
1320 3266 1324 3271 .

189 3314 314 3371 XXVIII.
334 3313 425 3380 33,1.
449 3313 591 3369 XXXVII,
609 3315 643 3382 9,
662 3315 702 3370 19.
721 3344 755 3355 ψ-
786 3312 855 3378 sed]
875 3312 986 3383 serug.
1004 3311 1029 3370 2.
1047 3339 1083 3358 ν·-
1108 3310 1149 3378 re]
1170 3317 1234 3380 posi

188 3418 272 3459 tenet
296 3398 444 3471 pooit'bg.
469 3401 494 3457 4.
511 3428 549 3441 --
582 3399 740 3464 deliraret]
765 3396 924 3450 delectaret
947 3395 999 3450 Gu.
1022 3395 1046 3449 3,
1065 3388 1112 3437 -’
1128 3394 1233 3465 erepere]

189 3489 270 3539 enim
294 3485 371 3538 addit
393 3484 443 3555 lig.
465 3483 504 3542 15.
522 3514 558 3541 -.-
588 3502 634 3539 me
656 3481 794 3548 Hercule]
819 3481 858 3534 sic
881 3479 932 3551 [ις.
956 3480 982 3549 2.
1002 3480 1044 3533 67.
1064 3478 1106 3537 69.
1125 3479 1166 3536 711.
1189 3479 1232 3533 84.

187 3569 231 3627 bb,
248 3568 291 3627 93,
317 3569 379 3645 (111.μ
388 3567 413 3623 3.
439 3569 517 3638 isque
535 3585 644 3638 semper
659 3568 704 3621 ito.
741 3584 789 3619 me
806 3564 903 3619 hercle
921 3564 963 3619 76.
999 3562 1143 3619 mehercle
1160 3562 1233 3619 vrci.

274 3653 316 3711 76.
353 3655 556 3726 arrepunttur]
583 3651 686 3722 adrop.
710 3650 760 3722 ng.
787 3649 826 3703 13.
850 3650 893 3704 65.
917 3647 960 3702 67.
987 3648 1029 3703 76.
1052 3647 1086 3706 73
1106 3662 1176 3701 cttrr.
1194 3672 1233 3689 ¹-
1290 3706 1294 3711 ¹

188 3740 289 3806 anuis]
307 3739 400 3808 recepi
420 3756 455 3792 ex
472 3738 566 3808 1759.
585 3737 610 3790 5.
631 3735 670 3790 13.
689 3734 731 3796 33,
751 3734 793 3789 36.
818 3734 870 3789 Gn.
887 3732 912 3787 3:
935 3734 1062 3805 vulgetur
1079 3747 1182 3795 anuos,
1196 3759 1232 3773 -

189 3839 256 3879 cum
270 3825 393 3897 populo]
412 3838 464 3877 our.
486 3823 538 3876 Gn.
556 3821 581 3876 3.
600 3849 635 3861 -
653 3820 816 3890 nunquam]
834 3818 957 3872 secundo
975 3819 1038 3873 loco
1056 3816 1186 3870 omittitur
1203 3815 1233 3869 lu

188 3908 214 3963 2.
229 3907 255 3965 3.
270 3910 295 3962 ti.
314 3906 477 3963 13396611.
505 3921 657 3976 cormeum
672 3903 787 3958 bootem
804 3921 854 3961 orn
874 3903 929 3963 nu..
941 3901 966 3964 3.
979 3930 1015 3949 -ι-
1033 3899 1133 3967 ullius]
1152 3898 1233 3952 tilius

189 3992 240 4063 lap
256 3994 295 4047 ln.
312 3993 352 4051 15.
366 3992 408 4046 nl.
426 3990 472 4061 93.
485 4020 521 4030 ·-
538 3991 700 4061 attipieset]
719 3988 877 4059 adttpisret
893 3986 944 4058 Ing.
962 3986 1005 4041 65.
1021 3985 1064 4039 67.
1084 3983 1125 4038 79.
1143 3981 1186 4040 86.
1197 4010 1234 4028 -ο

191 4078 277 4146 dere]
297 4077 384 4132 daret
406 4074 458 4130 Gn.
478 4074 501 4131 1.
520 4103 555 4114 -
579 4073 645 4142 boc]
665 4072 720 4128 boc
737 4075 814 4127 enim
830 4072 882 4143 Lg.
900 4073 926 4130 t.
947 4072 987 4123 ito
1007 4084 1078 4123 corr.
1095 4067 1122 4123 9.
1138 4093 1174 4109 -ν
1200 4065 1238 4119 td
