2968 4596
265 342 329 411 Μ
657 331 915 401 CICERONIS

265 509 392 584 simum3
412 502 600 590 vigebatque
623 503 746 569 auditor
760 502 904 569 Panaetii
926 501 1011 567 illius
1032 503 1077 567 tui
1099 499 1310 569 Mnesarchus

265 636 296 691 et
321 623 519 709 Peripatetici
544 618 674 688 Critolai
699 618 866 687 Diodorus.
914 619 967 684 46.
994 618 1086 685 Multi
1109 631 1199 686 erant
1219 641 1313 707 prae-

264 752 355 807 terea
380 739 460 806 clari
486 740 519 805 in
544 736 744 826 philosophia
769 748 800 802 et
822 737 961 814 nobiles,
989 737 1143 823 aquibus
1166 738 1311 803 omnibus

203 899 207 904 -
266 878 329 924 una
351 877 451 944 paene
469 875 547 923 uoce
568 856 680 943 repelli
700 865 856 922 oratorem
878 854 1134 943 agrebernaculis
1155 857 1314 921 civitatum

267 958 391 1042 excludi
418 972 457 1039 ab
485 977 568 1039 omni
592 973 736 1039 doctrina
756 992 919 1058 rerumque
942 974 1093 1039 maiorum
1115 974 1250 1039 scicntia
1272 993 1312 1041 ac

266 1103 383 1159 tantum
409 1093 443 1156 in
460 1091 580 1156 iudicia
601 1099 631 1155 et
653 1088 868 1155 contiunculas
889 1099 1036 1175 tauquam
1058 1091 1092 1154 in
1113 1091 1242 1176 aliquod
1263 1092 1313 1178 pi-

248 1189 396 1277 'sarnum
418 1208 539 1274 detrudi
561 1217 592 1272 et
605 1208 761 1292 compingi
778 1206 933 1272 videbam.
975 1205 1027 1272 47.
1051 1205 1117 1272 Sed
1131 1227 1192 1292 ego
1210 1228 1311 1294 neque

267 1328 333 1394 illis
362 1325 560 1392 assentiebar
585 1343 686 1409 neque
711 1321 821 1388 harum
843 1325 1084 1410 disputationum
1106 1327 1260 1391 inventori
1284 1336 1316 1391 et

267 1445 399 1533 principi
419 1443 514 1526 longe
537 1444 672 1507 omniurn
693 1443 727 1507 in
743 1441 875 1507 dicendo
893 1443 1083 1525 gravissimo
1107 1446 1149 1523 [et
1164 1441 1316 1528 eloquen-

267 1563 400 1638 tissimo]
428 1558 570 1634 Platoni,
598 1559 686 1623 cuius
712 1568 775 1623 tum
801 1558 933 1623 Athenis
962 1579 1031 1624 cum
1060 1558 1240 1624 Charmada
1266 1560 1315 1625 di-

267 1679 416 1764 ligentius
446 1675 512 1760 legi
540 1673 707 1760 Gorgiam3
740 1695 800 1761 quo
833 1677 867 1739 in
893 1675 976 1742 libro
1010 1675 1070 1742 hoc
1096 1681 1229 1742 maxime
1257 1678 1316 1742 ad-

269 1795 410 1863 mirabar
439 1792 616 1870 Platonem,
650 1793 732 1878 quod
763 1792 838 1857 mihi
870 1794 904 1857 in
935 1791 1112 1860 oratoribus
1146 1795 1315 1861 irridendis

268 1918 337 2002 ipse
364 1932 437 1979 esse
465 1921 571 1977 orator
593 1929 729 1992 summus
750 1908 923 1975 videbatur.
967 1909 1063 1977 Verbi
1086 1914 1168 1977 enim
1183 1921 1316 2011 'contro-

269 2163 420 2235 nophornm
446 2170 511 2215 tnnc
536 2161 651 2216 Athenis
679 2160 835 2214 docentium
859 2174 963 2214 summa
988 2162 1151 2216 auctoritate
1178 2161 1318 2217 florebant

270 2248 438 2303 Charmadas
469 2246 652 2300 Clitomachus
683 2244 851 2310 Aeschines3
885 2246 1034 2300 secundnm
1061 2265 1109 2301 eos
1136 2246 1318 2302 Metrodorus

269 2332 452 2386 Mnesarchus
469 2330 611 2385 Diodorus
627 2330 832 2402 probabantur3
852 2339 998 2400 praeterea
1017 2341 1095 2386 erant
1112 2333 1187 2385 multi
1203 2331 1248 2384 alil
1266 2349 1318 2385 no·

269 2417 338 2471 biles
356 2415 477 2486 quidem,
494 2415 545 2469 sed
563 2415 617 2469 illis
634 2432 690 2469 non
709 2416 893 2485 comparandi.
911 2443 948 2456 —-
971 2415 1169 2489 Peripatetici
1189 2415 1320 2471 Critolai

269 2501 434 2569 Diodorus]
453 2501 492 2554 sic
511 2499 583 2554 Paul.
601 2500 656 2555 dno
675 2502 814 2571 potiores,
838 2499 909 2554 Gall.
927 2509 997 2568 tres,
1021 2502 1051 2556 Z.
1070 2502 1145 2557 Harl.
1166 2502 1189 2556 1.
1204 2502 1230 2556 2.
1256 2500 1317 2556 Erl.

271 2587 294 2642 1.
309 2586 333 2643 2.
353 2585 413 2642 Erf.
429 2585 527 2639 Pearc.
546 2594 661 2640 recentt.
680 2594 743 2656 post
759 2584 841 2650 Ern.;
863 2602 935 2638 nnnc
954 2586 1083 2640 addicunt
1100 2587 1149 2658 Lg.
1169 2587 1193 2641 2.
1213 2587 1252 2640 13.
1270 2585 1315 2641 36.

356 2685 399 2740 46.
435 2702 504 2739 noce
521 2686 640 2758 repelli]
660 2687 700 2740 sic
715 2686 765 2756 Lg.
783 2702 879 2741 omnes
896 2704 936 2756 pr.
956 2686 997 2741 76.
1015 2687 1058 2742 81.
1075 2687 1118 2741 65.
1139 2686 1191 2741 Gn.
1206 2688 1248 2753 2.,
1269 2689 1317 2757 qni

269 2773 325 2825 inv.
349 2799 385 2811 -
425 2777 577 2823 oratorum
603 2769 655 2823 Gn.
679 2770 703 2824 1.
727 2799 763 2810 -
798 2772 962 2839 civitatum]
989 2774 1121 2825 civitatis
1143 2773 1194 2843 Lg.
1216 2772 1258 2826 93.
1279 2803 1316 2813 -

270 2853 486 2920 contiunculas]
512 2854 551 2907 sic
569 2853 619 2924 Lg.
640 2870 750 2920 omues,
774 2854 844 2910 vict.
866 2855 961 2911 (16.3.
986 2873 1038 2909 nec
1057 2856 1160 2910 notabo
1182 2866 1245 2928 post
1264 2857 1316 2911 nisi

268 2955 321 3011 per
342 2955 358 2990 c
377 2938 506 3006 scriptum
528 2955 564 2990 ex
583 2938 775 2992 notabiliorum
796 2940 896 3010 aliquo.
933 2939 964 2994 ln
987 2940 1037 3012 ug.
1056 2944 1073 2994 4
1092 2942 1182 2996 adscr.
1199 2959 1226 2997 v.
1247 2959 1316 2995 cort-

270 3022 417 3076 trtmelr'aa.
437 3050 472 3062 ·-
507 3024 660 3092 tanquam]
683 3023 736 3091 sic,
756 3042 811 3079 non
831 3043 882 3095 per
898 3042 944 3088 m,
964 3043 1189 3096 necunquam,
1212 3044 1316 3097 paam-

194 3097 198 3113 '
269 3125 359 3178 qaam
376 3106 467 3159 solent
487 3106 565 3160 codd.
583 3108 708 3178 plerique
726 3118 754 3163 et
773 3110 916 3176 meliores,
938 3109 981 3163 hic
997 3110 1065 3178 XX,
1083 3111 1149 3165 boni
1166 3127 1268 3166 omncs.
1280 3141 1318 3155 ν·-

266 3193 440 3266 pistrinum]
462 3195 626 3263 pristinam
650 3191 699 3264 ug.
721 3194 745 3249 2.
765 3197 789 3250 l.
810 3195 849 3250 13.
869 3192 912 3248 32,
930 3193 965 3249 69
986 3213 1055 3250 corr.
1075 3213 1186 3261 omnes;
1212 3196 1253 3250 76.
1271 3196 1314 3253 61.

270 3278 320 3331 Gu.
332 3279 358 3331 3.
386 3280 567 3349 priolriaam
583 3277 632 3349 ng.
651 3277 692 3332 21.
707 3277 750 3333 65.
768 3307 803 3319 -
828 3281 873 3348 ei]
891 3298 945 3334 orn.
962 3279 988 3334 6.
1006 3308 1041 3323 -
1066 3283 1226 3353 compian]
1247 3298 1316 3335 con-

266 3366 352 3435 piapi
372 3361 421 3434 bg.
439 3361 462 3416 2.
481 3361 523 3416 32.
543 3361 583 3416 76.
617 3368 774 3435 comprtapi
790 3364 831 3419 76.

355 3465 396 3518 47.
433 3463 628 3532 assentiebar]
660 3465 725 3519 ads.
750 3464 799 3537 Lg.
823 3466 863 3520 13.
882 3465 925 3521 65.
945 3466 986 3521 76.
1007 3466 1047 3520 73.
1067 3496 1103 3506 —-
1138 3467 1317 3539 disputatio·

268 3563 340 3602 aum
355 3550 515 3616 incentori]
536 3550 591 3603 inv.
610 3548 768 3619 13211.-
792 3556 822 3603 et
838 3550 1091 3621 eloquentissimo]
1115 3552 1218 3605 exclusi
1235 3553 1317 3605 inter·
1426 3570 1428 3574 ·
1465 3540 1466 3551 ¹

268 3636 354 3703 pratis
373 3650 496 3697 manum,
517 3649 587 3701 qnae
607 3635 687 3688 etiam
705 3633 797 3687 Baldo
815 3644 941 3706 suspecta
961 3635 1019 3690 fult.
1038 3664 1075 3677 —-
1112 3653 1179 3689 cum
1198 3635 1316 3691 Cbarm.

269 3718 320 3771 dri.
341 3717 400 3787 iepi
419 3715 573 3786 Gorpiam]
598 3717 651 3771 hoc
670 3719 767 3772 ordine
784 3718 833 3791 Lg.
856 3737 957 3774 omnes.
976 3749 1012 3761 -
1047 3720 1102 3774 boc
1119 3724 1265 3790 marcione]
1285 3726 1318 3774 ia

268 3802 352 3872 vulgo
378 3799 497 3853 additura
521 3803 599 3855 omisi
619 3804 768 3856 secundum
786 3806 905 3875 optimos
929 3805 978 3876 Lg.
998 3806 1023 3859 2.
1041 3808 1067 3859 3.
1088 3808 1112 3860 l.
1136 3806 1176 3861 13.
1195 3805 1237 3860 36.
1257 3823 1318 3859 cum

269 3885 366 3952 ‹pribus
384 3884 541 3953 conspirant
561 3886 601 3939 15.
611 3886 653 3942 32.
663 3887 706 3942 67.
717 3887 759 3943 66.
769 3888 812 3944 61.
831 3906 858 3945 v.
878 3891 1077 3960 explicationes
1095 3891 1131 3943 ad
1149 3889 1169 3945 1.
1189 3893 1216 3958 3,
1229 3890 1269 3943 12.
1283 3918 1319 3932 κ-

267 3965 442 4034 irridendia]
469 3969 558 4021 iarid.
582 3967 632 4040 lag.
657 3971 700 4026 32.
726 3972 768 4028 65.
793 3973 834 4028 76.
856 3974 897 4029 73.
918 4004 953 4016 —-
991 3974 1152 4029 Graeculos
1171 3974 1320 4043 homines]

267 4053 308 4105 olc
327 4052 481 4120 transposui
500 4052 648 4106 secundum
667 4054 716 4125 Lg.
736 4057 761 4110 2.
781 4060 804 4112 l.
824 4059 849 4113 5.
868 4058 893 4112 6.
914 4060 953 4114 ll.
974 4059 1013 4117 16.
1036 4059 1076 4115 17.
1094 4060 1137 4113 20.
1156 4059 1198 4113 21.
1215 4059 1258 4114 23.
1274 4059 1319 4114 25.

266 4132 799 4208 MMMMMMMMQ
