2968 4596
271 342 336 410 64
675 333 930 402 CICERONIS

353 502 443 570 xxi.
477 501 529 570 94.
551 501 659 591 ltaque
684 523 744 588 ego
765 500 826 570 hac
857 503 969 569 eadem
990 502 1136 591 opinione
1161 502 1314 570 &dumus

270 626 384 711 scripsi
407 612 502 687 etiam
522 621 601 687 illud
623 621 758 708 quodam
779 623 812 686 in
833 620 953 699 libello,
976 623 1029 706 qui
1050 641 1099 686 me
1121 621 1314 707 imprudente

269 752 300 806 et
320 741 416 805 invito
438 738 553 804 excidit
573 747 604 803 et
624 740 764 825 pervenit
790 739 824 802 in
844 757 955 803 manus
976 737 1150 815 bominum,
1177 740 1312 804 disertos

270 877 319 923 me
348 875 504 940 cognosse
538 874 602 920 non
633 853 755 931 nullos,
792 857 983 938 eloquentem
1013 854 1114 921 adhuc
1142 857 1314 933 neminem3

270 974 353 1061 quod
384 992 453 1037 eum
483 971 658 1037 statuebam
689 971 853 1048 disertum,
890 973 942 1057 qui
972 983 1080 1059 posset
1112 974 1190 1038 satis
1223 982 1313 1038 acute

271 1102 362 1176 atque
384 1088 520 1154 dilucide
543 1088 625 1175 apud
646 1088 813 1154 mediocris
834 1088 976 1155 homines
999 1110 1039 1155 es
1060 1091 1214 1156 communi
1236 1107 1314 1175 qna-

270 1209 343 1273 dam
378 1208 524 1293 opinione
552 1203 710 1271 hominum
743 1204 866 1283 dicere3
904 1206 1100 1292 eloquentem
1131 1226 1223 1284 vero,
1260 1208 1313 1291 qui

269 1292 488 1392 mirabilis⁴⁴³et
519 1321 767 1406 magnificentius
798 1341 915 1407 augere
943 1333 1052 1410 posset
1079 1333 1171 1409 atque
1198 1342 1313 1389 ornare

270 1462 350 1529 quae
371 1438 467 1506 uellet
489 1441 651 1524 omnisque
675 1441 810 1505 omnium
831 1458 948 1517 rerum,
977 1459 1057 1526 quae
1085 1441 1127 1506 ad
1149 1440 1313 1506 dicendum

267 1560 471 1647 pertinerent,
500 1556 595 1621 fontis
622 1557 725 1621 auimo
754 1575 792 1621 ac
818 1558 970 1622 memoria
995 1552 1175 1623 contineret.
1218 1554 1255 1622 ld
1283 1559 1314 1624 si

269 1685 318 1741 est
344 1673 470 1739 difficile
496 1672 603 1749 nobis,
637 1672 719 1759 quod
746 1683 832 1751 ante,
865 1692 957 1760 quam
990 1674 1031 1739 ad
1058 1674 1239 1741 discendum
1263 1676 1313 1739 iu-

267 1793 373 1878 gressi
400 1809 520 1869 sumus,
548 1789 707 1856 obruimur
728 1789 896 1856 ambitione
921 1800 952 1857 et
974 1790 1059 1869 foro,
1090 1793 1131 1858 sit
1154 1801 1260 1858 tamen
1279 1792 1314 1856 iu

184 2094 189 2099 ι
270 2037 360 2082 exstet
377 2037 467 2081 tomen
491 2029 523 2081 tn
540 2024 645 2096 quibus
669 2025 696 2079 in
715 2025 777 2079 edd.
797 2026 938 2096 antiquiss.
957 2034 984 2078 et
1001 2024 1053 2096 Lg.
1070 2024 1113 2079 69.
1131 2024 1174 2081 93.
1211 2024 1257 2079 De
1273 2024 1313 2078 di·

268 2114 348 2166 cendi
372 2120 474 2181 genere
492 2128 518 2165 v.
538 2110 669 2180 explicatt
702 2110 738 2163 ad
754 2109 774 2164 1.
794 2110 840 2176 13,
858 2109 901 2183 59.
940 2109 1090 2164 Lambinus
1113 2127 1147 2163 ex
1165 2109 1313 2164 Hotomani

269 2197 427 2251 conlectura
451 2195 526 2249 dedit
548 2194 653 2265 qulbus
674 2195 820 2258 adlicere,
848 2193 1008 2248 Gulielmius
1030 2194 1150 2248 malebat
1174 2193 1313 2264 equibus

269 2281 377 2344 dicere,
391 2279 637 2348 Peareiusqutbos
645 2279 838 2353 subticere.3-
853 2276 1039 2332 Charmaodus
1051 2279 1091 2333 sic
1103 2279 1154 2350 Lg.
1162 2280 1187 2332 5.
1198 2271 1234 2331 14
1238 2295 1309 2332 corr.

271 2366 311 2420 16.
329 2364 371 2418 79.
410 2363 577 2417 Commodos
597 2363 639 2417 21.
662 2364 714 2418 Gn.
734 2363 775 2428 3.;
800 2372 952 2417 correctum
976 2362 1147 2417 Carneades
1163 2364 1206 2418 24.
1226 2362 1313 2433 (quod

268 2460 311 2505 est
321 2451 348 2504 iu
358 2448 409 2503 Gu.
421 2438 467 2517 1.),
483 2450 616 2502 incertum
627 2465 662 2502 on
676 2447 843 2502 Commodos
855 2465 890 2501 an
905 2446 1072 2502 Garntadas
1083 2449 1122 2503 13.
1144 2448 1312 2518 Garatodos

268 2553 341 2590 corr.
364 2534 532 2588 Carneades
549 2533 574 2587 2.
592 2533 636 2587 66.
660 2532 730 2587 Rell.
754 2541 781 2586 et
797 2533 872 2604 vulg.
893 2531 1069 2589 Carneades.
1087 2561 1124 2574 —-
1150 2530 1312 2602 audiendo]
1423 2521 1428 2531 ’

268 2619 394 2674 diceudo
417 2618 467 2689 Lg.
484 2617 527 2672 35.
548 2617 590 2672 93.
618 2618 679 2672 edd.
701 2619 843 2687 antiquiss.
864 2635 905 2688 pr.
925 2616 1015 2672 Habn.
1038 2619 1076 2671 ita
1095 2635 1167 2676 corr.
1186 2618 1229 2671 24.
1250 2635 1309 2672 var.

266 2705 325 2771 36,
346 2720 426 2772 quem
443 2703 478 2756 ad
496 2703 604 2756 modum
620 2703 754 2757 suadebat
770 2701 926 2756 Lambinus.

355 2785 432 2841 XXl.
465 2785 509 2840 94.
547 2785 660 2857 itaque]
682 2788 723 2840 sic
745 2785 782 2841 U.
803 2787 834 2840 Z.
860 2786 912 2840 Gu.
935 2787 960 2841 3.
988 2786 1046 2841 nri.
1075 2787 1097 2840 l.
1115 2786 1141 2842 2.
1167 2784 1226 2843 nrt.
1243 2784 1309 2839 Sub.

267 2871 362 2936 liena,
380 2870 514 2924 accedunt
531 2886 603 2924 nunc
620 2870 670 2941 Lg.
687 2870 712 2923 2.
735 2871 774 2924 13.
795 2871 837 2925 16.
856 2871 891 2925 32
908 2889 981 2929 corr.
1000 2880 1030 2927 ut
1047 2871 1072 2924 3.
1090 2872 1133 2926 36.
1149 2870 1189 2924 76.
1209 2872 1250 2924 73.
1265 2869 1308 2924 84.

266 2956 310 3011 66.
342 2962 404 3008 tum
421 2953 446 3007 3.
464 2955 482 3007 4
499 2971 562 3025 exp.
580 2955 605 3006 5.
625 2955 650 3008 6.
670 2955 710 3008 14.
733 2956 773 3009 15.
796 2957 836 3010 17.
853 2956 896 3010 29.
916 2956 958 3009 21.
976 2956 1019 3011 23.
1038 2957 1158 3011 246011».
1177 2965 1207 3010 ut
1224 2955 1249 3008 2.
1265 2955 1308 3008 35.

266 3041 309 3096 65.
329 3040 371 3094 67.
391 3036 434 3091 69.
453 3038 495 3092 76.
513 3038 555 3093 93.
573 3040 599 3093 d.
624 3039 714 3106 victu,
736 3041 799 3094 edd.
819 3042 975 3110 antiquiss,
993 3042 1088 3096 melius
1106 3049 1180 3094 certe
1197 3039 1311 3111 vulgato

267 3131 396 3195 tumque,
415 3124 489 3192 quod
506 3123 541 3177 ab
556 3123 628 3177 Aldu
642 3124 706 3177 iude
720 3125 782 3178 edd.
796 3128 952 3198 occupavit.
962 3155 998 3169 -·
1017 3123 1214 3199 imprudente]
1234 3129 1310 3197 inpr.

230 3261 240 3271 ,
266 3209 317 3281 Lg.
340 3209 380 3262 14.
395 3209 438 3263 81.
452 3235 487 3249 -
504 3207 631 3278 excidit]
651 3207 795 3264 concitabit
812 3211 864 3265 Gu.
881 3211 950 3264 3.-
969 3209 1120 3283 coquosse]
1139 3214 1327 3281 eoqnoscere'

265 3295 316 3367 ng.
340 3295 366 3348 3.
388 3293 431 3349 67.
455 3292 498 3349 69.
530 3294 602 3347 Vict.
630 3310 771 3365 coqooeee
802 3295 854 3350 Gu.
880 3297 905 3350 2.
929 3298 955 3350 3.
989 3295 1099 3366 lig-17.
1144 3293 1241 3348 Eidem
1267 3311 1309 3364 pr.

267 3380 307 3433 17.
329 3388 357 3433 et
374 3378 417 3434 69.
443 3395 491 3432 me
515 3387 578 3449 post
602 3376 767 3434 infinitivum
790 3380 900 3434 babent.
923 3409 960 3422 -
994 3397 1054 3434 aon
1070 3378 1180 3450 nullos]
1206 3379 1312 3433 divisim

265 3465 362 3535 scripsi
379 3472 408 3517 ut
424 3461 474 3535 Lg.
496 3462 536 3517 13.
554 3463 596 3517 69.
615 3463 657 3517 81.
673 3462 716 3519 64.
744 3481 804 3518 aon
821 3465 1003 3519 2116167.-
1022 3460 1195 3533 medioms]
1214 3464 1312 3534 scripsi

266 3567 302 3604 ex
320 3548 369 3619 Lg.
388 3547 430 3600 29.
449 3536 491 3600 32.
509 3575 545 3588 -
565 3545 616 3616 eoa]
636 3547 805 3603 4341631.-
834 3554 972 3623 opinione
991 3547 1156 3618 bominum]
1176 3549 1312 3619 posterius

265 3633 384 3689 aGron.
405 3630 471 3685 Eun.
498 3631 533 3684 al.
550 3631 643 3698 abest,
668 3631 772 3686 addunt
794 3651 864 3688 vero
892 3635 972 3690 codd.
997 3636 1135 3706 plerique,
1160 3641 1238 3686 certe
1257 3631 1310 3704 hg.

265 3733 361 3774 omnes
384 3732 425 3785 pr.
449 3714 504 3780 17.,
530 3714 582 3775 Gu.
605 3726 670 3770 tres.
706 3717 763 3771 Sed
786 3719 891 3774 addunt
914 3719 1050 3774 mirabili
1072 3719 1124 3772 Gu.
1148 3718 1173 3771 2.
1198 3738 1224 3771 α.
1244 3718 1270 3770 d.
1289 3735 1312 3772 ε.

264 3803 315 3874 Lg.
333 3802 358 3855 3.
377 3800 402 3853 5.
420 3798 445 3852 6.
464 3798 498 3853 24
516 3816 579 3870 exp.
593 3801 628 3854 35
642 3818 712 3855 corr.
729 3810 759 3855 ut
778 3802 818 3856 14.
836 3804 878 3858 65.
900 3805 942 3859 67.
962 3806 1003 3860 76.
1015 3805 1068 3870 81,
1087 3810 1115 3855 et
1131 3801 1312 3856 mirabiliter

267 3882 552 3941 relambens.
581 3888 718 3957 opimone
734 3888 872 3944 mtrabils'
891 3890 990 3943 dicere
1015 3889 1047 3942 17
1070 3904 1141 3942 corr.
1164 3894 1194 3939 ut
1211 3886 1237 3939 3.
1264 3903 1310 3959 op.

265 3968 342 4045 bom,
362 3975 408 4022 ter
422 3984 493 4024 corr.
510 3968 660 4040 elepantos·
676 3969 719 4025 86.
735 4000 771 4013 --
788 3972 952 4044 omnisque]
972 3974 1011 4027 sic
1025 3972 1075 4043 ug.
1091 3987 1188 4025 omnes
1201 3976 1323 4040 praeter

264 4056 291 4108 4.
307 4052 350 4106 85.
370 4051 422 4106 Gn.
442 4052 465 4106 1.
486 4051 585 4122 fontis
602 4053 691 4107 eidem
708 4064 735 4110 et
753 4056 805 4112 Go.
822 4058 847 4111 3.
864 4057 935 4111 Vict.
950 4087 987 4099 -
1003 4056 1098 4120 uobis,
1116 4054 1208 4125 qood]
1226 4054 1312 4124 vulgo

264 4137 372 4221 30313.
390 4140 448 4208 qut.
490 4134 561 4192 Illud
582 4153 664 4193 sensu
688 4155 744 4194 nou
769 4141 856 4196 miuus
876 4151 969 4213 aptum
993 4139 1180 4212 recipiendum
1203 4137 1254 4191 t‘uit
1276 4155 1312 4205 es
