2942 4608
240 322 412 479 &ng
440 318 668 389 ORATORE
694 260 976 397 116111111119.θ
1091 320 1177 393 m

135 496 242 564 demia
266 493 418 599 Q
445 493 478 556 in
499 509 562 578 qua
588 489 704 555 exstitit
729 488 836 554 divina
861 486 997 572 quadarn
1018 485 1179 556 celeritate

135 614 256 698 ingenii
278 610 462 695 dicendique
484 609 577 695 copia
599 600 798 683 Carneadem
826 606 914 671 cuius
937 623 997 688 ego
1019 609 1078 671 etsi
1101 607 1191 672 mul-'

136 742 187 797 tos
203 729 361 796 auditores
383 726 519 811 cognovi
535 723 679 801 Athenis,
700 733 806 791 tamen
826 732 971 788 auctores
988 725 1182 791 certissimos

136 847 268 913 laudare
295 865 423 932 possum
450 853 481 908 et
508 862 652 909 socerum
679 860 780 907 meum
804 838 1007 917 Scaeuolam,
1034 843 1087 925 qui
1112 861 1182 907 sum

137 963 256 1030 Romae
279 961 397 1028 audivit
419 960 618 1037 adolescens,
640 968 671 1025 et
692 956 731 1037 Q.
746 956 910 1023 Metellum
932 955 971 1022 L.
987 955 1022 1021 F.
1045 957 1183 1025 iamilia-

137 1101 204 1147 rem
225 1099 327 1146 mcum
346 1077 556 1143 clarissimum
573 1078 682 1153 uirum,
705 1076 758 1161 qui
779 1075 866 1140 illum
889 1095 961 1140 asc
982 1074 1184 1143 adolescente

137 1196 272 1264 Athenis
294 1197 359 1260 iam
380 1192 524 1260 allectum
545 1203 703 1277 senectute
726 1192 839 1258 multos
861 1193 930 1261 dies
952 1192 1088 1258 auditum
1110 1215 1184 1260 esso

140 1312 276 1380 dicebat.

224 1427 314 1495 XIX.
351 1428 403 1493 69.
436 1424 524 1493 llaec
552 1436 667 1504 autem,
700 1437 732 1492 ut
759 1447 799 1492 ex
823 1425 990 1514 Apennino
1017 1427 1185 1508 fluminum,

141 1551 190 1614 sic
216 1567 255 1614 en
277 1546 449 1623 communis
472 1546 646 1630 sapientiae
674 1536 748 1626 iugo
772 1554 843 1610 sunt
864 1546 1074 1617 doctrinarum
1100 1537 1187 1614 facta

142 1666 291 1742 divortia,
318 1673 351 1729 ut
372 1660 549 1748 philosophi
570 1670 718 1745 tanquam
739 1661 773 1725 in
794 1681 938 1747 superum
959 1683 1045 1729 mare
1067 1662 1188 1731 lonium

145 1779 316 1847 delluerent
353 1778 509 1844 Graecum
545 1777 702 1864 quoddam
740 1787 771 1842 et
805 1789 1006 1864 portuosum,
1045 1791 1194 1847 oratores-

145 1908 248 1964 autcm
275 1900 305 1962 in
332 1884 466 1962 inferum
491 1894 552 1961 hoc
575 1893 713 1960 'luscum
738 1905 769 1960 et
794 1894 963 1962 barbarum
990 1898 1189 1983 scopulosum

145 2026 237 2101 atque
265 2015 410 2080 infestum
432 2011 625 2088 laberantur,
654 2013 769 2097 inquo
795 2014 889 2079 etiam
917 2016 984 2100 ipse
1007 2012 1115 2081 Ulixes
1137 2036 1188 2081 er-

143 2143 256 2200 rasset.
300 2131 350 2198 70.
379 2128 506 2208 Quare
529 2131 558 2194 si
576 2127 640 2199 hac
662 2129 843 2215 eloquentia
866 2141 958 2217 atque
980 2131 1041 2199 hoc
1063 2143 1188 2200 oratore

145 2251 280 2317 contenti
307 2267 426 2324 sumus,
454 2249 507 2333 qui
533 2248 614 2311 sciat
641 2255 693 2311 aut
718 2266 836 2331 negare
863 2259 1006 2333 oportere
1033 2250 1116 2335 quod
1138 2269 1190 2315 sr-

146 2385 245 2449 gnare
269 2349 331 2440 aut,
353 2365 382 2427 si
402 2363 436 2427 id
456 2382 521 2427 non
540 2364 656 2446 possis,
677 2372 740 2426 tum
762 2363 928 2428 ostendere
951 2364 1083 2448 quadis
1105 2364 1191 2431 lece-

146 2482 202 2558 rit,
231 2481 285 2566 qui
305 2477 514 2553 insimuletur,
541 2486 594 2541 aut
608 2487 700 2542 recte
727 2478 843 2543 lactum
871 2488 924 2543 aut
946 2479 1076 2545 alterius
1099 2481 1193 2569 culpa
1292 2566 1297 2571 .
1378 2554 1382 2561 .

150 2607 203 2664 aut
229 2595 345 2662 iniuria
376 2603 429 2660 aut
455 2591 593 2705 Q
622 2603 674 2658 ant
699 2613 764 2685 non
789 2594 1028 2693 Qlllljlssl!
1056 2608 1109 2663 aut
1134 2600 1193 2667 im.

97 2840 102 2849 .
151 2805 249 2866 quatur
261 2811 355 2868 pares
370 2810 431 2848 non
445 2793 575 2864 fumaret.
594 2823 629 2833 —
654 2793 819 2866 dt-pruinre]
835 2784 1012 2866 potore'lrg
1025 2795 1050 2850 3.
1067 2796 1093 2852 5.
1107 2798 1137 2864 o,
1150 2798 1195 2853 16.

152 2882 193 2936 17.
213 2881 256 2936 39.
275 2880 318 2936 31.
337 2879 379 2934 33.
398 2879 443 2934 65.
460 2879 502 2933 76.
522 2878 563 2933 73.
583 2877 625 2932 81.
645 2877 716 2931 Vict.
742 2877 793 2934 Gu.
812 2878 855 2944 3.,
880 2879 997 2934 sortasse
1016 2890 1107 2949 recte,
1130 2884 1195 2937 dnm

151 2972 290 3018 constaret
311 2964 366 3017 dici
388 2970 496 3035 manre
514 2968 618 3017 contra
640 2961 764 3031 aliquid.
800 2962 887 3016 Verbi
909 2964 979 3017 enirn
1001 2984 1098 3044 sensus
1119 2977 1197 3022 recte

152 3056 273 3114 constat,
292 3064 368 3101 suam
385 3048 602 3117 qualemcunque
619 3046 782 3100 sententium
799 3047 932 3116 prolerre.

62 3127 65 3133 ’
238 3132 282 3187 68.
310 3132 469 3199 manavit]
492 3131 632 3202 vulgatum
652 3134 802 3185 emanavit
824 3135 932 3187 correxi
956 3152 992 3188 ex
1015 3133 1066 3206 Ing.
1087 3128 1196 3206 praeter

152 3218 194 3274 35.
213 3217 256 3270 81.
273 3216 317 3272 93.
340 3216 479 3283 omnibus,
502 3217 566 3270 item
590 3216 641 3270 Gu.
661 3215 726 3272 1.3.
751 3214 846 3272 Lamb.
869 3234 898 3272 v.
915 3218 951 3271 nd
968 3218 990 3275 l.
1009 3219 1059 3284 43,
1084 3220 1142 3275 189.
1159 3249 1196 3261 -

150 3303 284 3374 possum]
297 3306 417 3374 possim
433 3301 484 3372 lag.
504 3300 546 3356 35.
564 3300 607 3355 81.
625 3300 668 3355 93.
815 3344 818 3349 .

240 3385 316 3440 ΧΙΧ.
350 3385 394 3442 69.
427 3386 593 3458 Apennino]
621 3386 817 3457 geminaturp
845 3386 879 3439 in'
897 3385 949 3457 Lg.
972 3385 997 3442 5.
1023 3387 1063 3444 14.
1089 3388 1129 3444 17.
1153 3388 1197 3444 33.

154 3469 197 3524 65.
215 3469 258 3525 67.
275 3469 318 3525 69.
342 3471 384 3525 76.
405 3471 448 3526 73.
467 3470 509 3525 81.
533 3469 576 3524 93.
600 3470 671 3523 Vict.
707 3468 857 3542 Aponiana
879 3469 983 3526 3584.
1018 3470 1064 3527 De
1084 3482 1200 3544 utraque

153 3555 289 3624 scriptura
317 3572 343 3609 v.
367 3553 529 3609 Schneiderl
554 3554 600 3609 Gr.
626 3553 689 3608 Lat.
713 3552 747 3608 ll.
772 3552 796 3609 1.
821 3571 849 3624 p.
871 3555 931 3608 433.
954 3585 990 3595 -
1017 3560 1197 3629 sapientiae]

152 3641 324 3710 sapientum
342 3638 391 3710 bg.
408 3639 434 3693 3.
451 3640 477 3693 6.
498 3640 538 3693 15.
556 3639 600 3695 33.
617 3638 659 3692 34.
678 3637 721 3691 69.
737 3637 779 3691 86.
797 3638 868 3694 Vict
898 3639 989 3694 Ceteri
1007 3645 1197 3713 sapientium.

153 3723 226 3776 Vide
245 3722 452 3791 explicationes.
463 3751 505 3779 —-.
517 3724 660 3790 divortia]
678 3720 839 3777 diuortium
856 3722 906 3795 bg.
919 3723 961 3778 73.
974 3754 1009 3766 -
1026 3725 1201 3797 defluerent]

154 3808 281 3877 fluerent
305 3805 356 3876 ng.
377 3799 419 3860 21'.
439 3808 480 3862 76.
502 3838 538 3849 -
566 3805 727 3877 quoddam]
752 3807 898 3876 quiddam
921 3809 1017 3881 steph.
1042 3810 1111 3867 vict.
1135 3813 1197 3866 Ald.

156 3891 274 3944 lunt.—
298 3888 410 3958 Ulixen]
430 3901 532 3946 rectam
548 3893 709 3962 scripturam
722 3901 833 3945 tuentur
846 3892 896 3963 lag,
911 3904 1024 3965 practer
1037 3895 1080 3951 86.
1098 3897 1199 3950 nullius
1285 3896 1294 3902 ”

156 3975 295 4047 dignitatis
312 3975 409 4030 librum
425 3993 534 4043 ornnes,
554 3977 625 4031 Vict.
646 3976 697 4032 Gn.
718 3977 742 4031 l.
760 3976 784 4030 3.

242 4061 284 4115 76.
320 4061 459 4131 arpuarc]
474 4078 599 4132 orauere
617 4060 666 4133 Lg.
679 4062 704 4116 6.
725 4061 758 4114 15
769 4079 839 4116 corr.
858 4061 893 4116 35
904 4079 975 4116 corr.
991 4061 1034 4114 65.
1049 4061 1091 4115 69,
1109 4060 1151 4114 81.
1165 4088 1197 4099 -

155 4146 265 4217 words]
271 4149 375 4217 possit
386 4143 437 4215 Lg.
449 4144 491 4200 34.
506 4145 547 4200 76.
564 4143 642 4200 Man.
654 4146 690 4187 ·-'·
708 4147 888 4212 oeconomo]
903 4146 1080 4199 necessitate
1092 4142 1143 4212 lap
1152 4142 1197 4197 67.
