2938 4590
262 295 360 374 uu
603 388 608 394 ,
659 230 916 375 eludendis

264 463 442 527 maciei
464 462 576 545 enidos
596 480 663 527 non
677 464 770 528 oeodo
791 456 970 543 imitotditf,
991 462 1045 528 ted
1061 480 1101 529 nc
1116 462 1312 531 eodemne

265 579 388 661 cnidon
409 580 465 644 tibi
487 581 589 644 locum
609 581 711 653 utinm
731 581 896 663 reliquisti.

348 691 428 763 LVI.
463 695 536 761 227.
569 693 636 761 Sed
660 695 740 762 haec
770 697 894 780 tragica
924 705 1016 782 utque
1044 697 1168 776 divinu3
1201 697 1312 764 faceta

265 820 368 878 autem
395 821 426 879 et
451 812 573 878 urbana
600 811 842 878 innumerabilia
872 832 911 878 ex
938 832 1001 878 una
1027 816 1171 881 contione
1197 817 1311 879 meni.

144 952 147 957 “
182 902 189 910 Ι
263 928 366 999 utitis.
409 926 476 994 Nec
502 931 583 994 enim
605 932 761 998 eontentio
785 930 886 995 maior
906 948 1041 1015 unquam
1062 931 1121 996 fuit
1141 949 1202 996 nec
1225 929 1312 1015 apud
1389 973 1395 979 -
1450 924 1451 959 ³

263 1042 410 1129 populum
434 1047 564 1130 grener
584 1047 700 1123 oratio,
727 1065 820 1131 quam
845 1045 937 1112 huius
962 1057 1073 1113 contra
1094 1024 1253 1130 collegam
1272 1048 1310 1112 in

265 1166 401 1227 censura
420 1183 527 1249 nuper,
548 1182 649 1247 neque
670 1162 778 1248 lepore
801 1173 832 1229 et
851 1163 1019 1229 testivitate
1036 1163 1198 1230 condition.
1236 1162 1311 1242 Qua
1369 1218 1374 1227 .

256 1295 300 1344 vre
326 1277 397 1355 tibi,
424 1278 556 1357 Antoni,
586 1289 751 1367 utrunque
775 1262 933 1346 assentior
963 1290 994 1347 ct
1019 1280 1145 1346 inultum
1173 1280 1310 1346 facetias

265 1392 299 1457 in
320 1393 452 1462 dicendo
473 1396 624 1482 pnodesse
646 1415 742 1482 saepe
769 1407 800 1463 et
821 1416 878 1463 eas
900 1406 967 1463 arte
988 1395 1076 1462 nullo
1098 1397 1190 1463 modo
1211 1417 1309 1484 posce

254 1509 357 1589 trudi
400 1509 480 1578 liiud
508 1513 632 1599 quddam
659 1513 797 1580 admiror
820 1524 851 1579 te
873 1512 965 1579 nobis
991 1514 1025 1578 in
1047 1533 1225 1597 cegeuene
1251 1515 1309 1580 tri-

268 1623 376 1699 tuisse
397 1638 514 1702 tantum
541 1641 571 1701 et
592 1650 656 1697 non
676 1629 767 1703 huius
789 1632 836 1696 rei
859 1649 980 1715 quoque
1000 1628 1137 1721 palmam
1160 1634 1204 1711 [ut
1225 1640 1310 1697 ceto-

267 1860 320 1899 otu.
339 1845 390 1918 Lg.
408 1849 433 1904 3.
452 1852 477 1904 1.
496 1850 521 1904 5.
539 1848 564 1904 6.
591 1846 814 1903 13111516.
839 1848 881 1902 66.
900 1847 941 1903 61.
961 1846 1004 1906 63.
1023 1846 1066 1900 36.
1083 1845 1126 1901 65.
1144 1845 1186 1901 67.
1205 1846 1246 1901 73.
1265 1847 1309 1902 66.

267 1937 418 1987 mortuam
436 1938 467 1989 to
484 1949 536 1990 om.
555 1933 581 1990 2.
598 1932 642 1984 61.
672 1937 704 1985 tn
720 1942 785 1986 ante
802 1936 947 2004 tmootnec
967 1948 1019 1985 om.
1038 1930 1081 1985 61.
1100 1957 1137 1970 -
1163 1947 1200 1983 ne
1219 1931 1309 1985 collo·

267 2012 384 2081 condis]
402 2031 461 2068 non
478 2014 687 2086 oontnnoendtc
705 2015 757 2069 Gu.
769 2016 806 2082 3.,
824 2017 898 2085 quod
914 2033 949 2068 ex
966 2016 1101 2085 scriptore
1117 2013 1310 2073 conlocandis

266 2093 362 2161 fluxit,
386 2115 458 2167 quae
482 2108 524 2157 eet
547 2101 576 2155 iu
599 2098 650 2171 Lg.
667 2098 692 2151 5.
716 2098 758 2152 65.
779 2100 820 2155 73.
856 2100 965 2157 Deinde
988 2099 1108 2169 quedem
1130 2116 1192 2152 ome
1208 2098 1260 2153 Gn.
1280 2099 1306 2157 3.

267 2177 317 2249 lag.
335 2179 361 2234 2.
387 2181 427 2236 11.
453 2182 492 2237 16.
515 2183 554 2236 17.
580 2182 623 2237 66.
647 2181 689 2237 21.
708 2182 751 2241 63.
773 2183 816 2237 36.
839 2184 882 2238 65.
900 2183 942 2240 67.
959 2183 1002 2241 69.
1028 2183 1068 2238 73.
1085 2183 1128 2238 66.
1146 2211 1180 2223 —-
1212 2182 1308 2241 locttm

267 2262 371 2332 nilum]
388 2267 545 2321 sicinveiti
561 2266 709 2320 secundum
726 2266 776 2338 Lg.
795 2266 820 2326 2·
838 2269 863 2325 1.
883 2267 923 2322 13.
942 2267 983 2322 36.
1002 2267 1045 2323 36.
1073 2267 1125 2323 Gu.
1146 2267 1168 2321 1.
1187 2267 1212 2321 3.

352 2349 432 2407 ΙΝΙ..
461 2351 520 2407 667.
556 2369 594 2411 coc
609 2351 682 2418 uno]
702 2357 755 2404 ont
772 2369 810 2405 cx
825 2368 886 2407 uno
907 2351 957 2423 Lg.
974 2352 999 2407 2.
1018 2353 1043 2405 1.
1063 2351 1105 2410 13.
1123 2351 1158 2405 36
1176 2367 1246 2406 corr.
1265 2351 1308 2411 36.

266 2433 335 2486 mira
351 2435 500 2505 scriptura,
523 2454 558 2490 ex
578 2452 632 2504 qua
650 2436 794 2506 exsculpens
812 2436 858 2489 oei
873 2454 911 2492 ec
926 2453 1002 2501 etna,
1024 2436 1048 2489 si
1067 2436 1175 2503 quidem
1194 2453 1228 2488 ea
1245 2453 1309 2493 con-

267 2516 343 2573 fundi
362 2528 475 2579 constet.
505 2525 535 2573 et
550 2520 602 2591 Lg.
619 2520 644 2575 6.
662 2549 698 2559 -
724 2521 868 2588 contione]
889 2520 927 2575 sic
946 2539 968 2575 s.
990 2524 1127 2574 concione
1143 2519 1219 2575 Harl.
1241 2520 1264 2573 l.
1283 2519 1308 2579 2.

268 2622 333 2673 ay.
347 2603 373 2658 d.
397 2604 447 2675 Lg.
465 2604 507 2659 61.
526 2603 568 2663 63.
593 2605 644 2660 Gu.
662 2602 688 2657 2.
712 2603 783 2660 Vict.
803 2605 864 2661 edd.
884 2606 967 2674 entiq.
992 2613 1020 2658 et
1038 2604 1121 2675 vulgo
1145 2604 1318 2689 nute1⁴1rn.;⁸

254 2690 444 2745 destituerunt
459 2685 556 2742 Mue11.
575 2686 625 2743 Or.
643 2686 727 2743 Heni.
754 2693 936 2742 contentione
954 2688 1022 2743 VSt.
1040 2688 1129 2742 Hevn.
1148 2687 1173 2743 1.
1186 2688 1211 2742 2.
1231 2687 1309 2749 Cant.

270 2772 300 2826 Z.
314 2780 339 2839 β.
352 2791 374 2827 ε.
392 2772 540 2839 Wa1durt'.,
558 2772 655 2841 quibus
672 2773 804 2828 accedunt
822 2772 871 2844 hg.
889 2773 948 2827 re11.
966 2781 1077 2842 ltnueter
1089 2773 1115 2827 2.
1128 2771 1161 2825 61
1174 2788 1201 2826 ν.
1215 2781 1244 2825 ut
1256 2772 1310 2839 61,

267 2855 408 2925 inquibus
427 2857 524 2911 eodem
543 2857 646 2911 ducens
665 2865 706 2911 eet
723 2861 945 2929 contemptione.
972 2856 1075 2914 Contra
1093 2864 1190 2926 postea
1208 2859 1310 2910 coneto
1355 2869 1360 2880 “

188 2928 191 2937 ’
268 2955 290 2993 o.
310 2944 419 3004 contio,
440 2956 495 2995 uon
514 2945 662 2994 contentio
679 2941 778 3011 iegitur
793 2942 821 2994 in
839 2940 889 3011 Lg.
906 2941 931 2995 2.
951 2940 977 2995 3.
996 2941 1021 2994 1.
1040 2941 1064 2995 5.
1086 2939 1126 2994 13.
1147 2940 1188 2997 11.
1209 2939 1249 2994 16.
1270 2940 1310 2998 17.

267 3022 310 3086 66,
330 3024 373 3076 21.
397 3024 439 3077 21.
461 3025 503 3079 32.
527 3024 568 3078 35.
592 3024 634 3079 36.
659 3024 702 3079 67.
723 3025 767 3078 76.
791 3024 831 3078 73.
856 3024 898 3078 76.
921 3024 963 3079 61.
987 3022 1030 3077 66.
1051 3023 1093 3078 63.
1124 3022 1176 3078 Gn.
1196 3024 1220 3078 1.
1239 3024 1265 3077 2.
1284 3024 1310 3080 3.

264 3098 426 3162 606196ῑί0
446 3109 518 3163 enim
535 3108 675 3161 Schuetnii
696 3109 853 3162 coniectura
872 3117 915 3162 est
930 3107 1069 3163 Muellero
1089 3116 1117 3161 et
1133 3107 1311 3177 sequentibus

267 3192 398 3264 probata3
416 3192 488 3246 hano
505 3183 577 3245 nunc
593 3191 706 3245 stabiliri
721 3192 787 3246 licet
798 3191 1048 3264 Lagomarsiuianis
1059 3191 1087 3246 6.
1103 3191 1142 3247 15.
1157 3192 1200 3246 61.
1227 3193 1311 3269 „Fi-e·

268 3272 355 3349 quens
372 3286 414 3330 est
429 3276 635 3335 vocabulomnn
660 3282 806 3332 contentio
831 3286 859 3330 et
881 3281 981 3331 contio
1003 3275 1127 3333 confusio
1149 3277 1177 3329 in
1195 3274 1264 3331 Mas.
1284 3286 1312 3336 et

267 3361 361 3431 primis
378 3361 440 3415 edd.
465 3360 513 3413 Sic
526 3360 553 3413 io
567 3360 621 3413 hoc
634 3362 695 3431 ipso
709 3363 800 3431 eapite
818 3361 842 3427 §.
856 3361 909 3417 636
925 3364 957 3415 tn
971 3364 1032 3414 tcto
1045 3365 1113 3433 ipsc
1126 3364 1311 3415 contentione

267 3440 380 3496 exhibet
398 3443 449 3497 Gn.
469 3444 501 3497 A.
520 3446 567 3512 (z
584 3446 639 3513 3.),
662 3444 760 3499 ibidem
779 3445 863 3514 paulo
886 3455 949 3515 post
966 3462 1056 3514 quom
1073 3448 1208 3498 contione
1222 3445 1310 3515 fron·
1368 3449 1380 3459 “

266 3524 395 3601 'qcndnm
408 3525 499 3584 Havn.
512 3527 534 3581 l.
548 3527 573 3585 2.
594 3529 655 3584 edd.
671 3529 809 3598 antiquiss.
837 3528 878 3596 61,
891 3528 1043 3591 Geruhuni.
1059 3529 1095 3581 ad
1108 3528 1163 3583 cte.
1176 3528 1255 3584 Lne1.
1269 3530 1311 3585 66.

267 3611 347 3666 init.“
366 3609 608 3666 166νὶ66666.-
626 3613 780 3689 colteqam]
799 3613 952 3684 conleyom
968 3611 1018 3684 ng.
1032 3613 1075 3668 65.
1095 3612 1191 3666 7673.
1210 3614 1312 3667 eidem·

268 3713 322 3766 que
340 3704 368 3751 et
385 3694 426 3753 63.
445 3711 509 3749 mox
526 3703 683 3759 assentior.
700 3727 736 3739 ·-
758 3697 835 3753 illud
852 3698 982 3767 quidem]
1001 3703 1031 3750 et
1048 3696 1122 3751 tend
1139 3714 1167 3766 q.
1188 3696 1311 3766 plerique

268 3780 348 3835 codd.
362 3789 390 3838 et
403 3780 464 3837 edd.
479 3780 648 3849 antiquiores
666 3791 776 3853 praeter
791 3782 887 3839 lamb.
899 3798 1003 3836 omnes.
1029 3780 1086 3834 Sed
1103 3787 1133 3834 ct
1150 3797 1204 3837 um.
1220 3779 1272 3852 Lg.
1284 3780 1311 3837 2.

269 3865 293 3918 1.
313 3864 336 3918 5.
361 3864 386 3920 6.
414 3864 453 3918 13.
477 3863 519 3917 36.
544 3863 586 3918 36.
609 3865 651 3920 66.
682 3865 733 3919 Gn.
751 3867 777 3920 3.
796 3894 830 3906 -
857 3872 890 3918 nt
914 3866 1091 3930 ceterorum]
1115 3864 1184 3918 haec
1207 3864 1310 3919 uncinis

267 3948 421 4013 cinnomus,
439 3948 503 4014 quia
520 3946 617 4002 absunt
636 3965 654 4001 u
671 3948 724 4008 Gu.
738 3948 763 4001 3.
782 3947 832 4023 hg.
845 3949 871 4002 2.
890 3951 915 4007 1.
936 3949 975 4007 13.
993 3949 1028 4003 36
1041 3949 1104 4011 add.
1122 3949 1166 4004 36.
1188 3949 1219 4005 Z.
1256 3955 1309 4004 cet.

265 4047 368 4088 rernm
388 4030 418 4082 15
432 4046 502 4083 corr.
521 4030 563 4084 76.

352 4112 412 4171 666.
443 4112 582 4191 pontum]
599 4113 638 4166 aie
655 4111 734 4173 codd.
754 4114 807 4168 mei
824 4129 919 4169 omues
936 4125 1046 4184 [tracter
1057 4115 1107 4186 Lg.
1120 4117 1145 4172 1.
1158 4114 1200 4170 35.
1213 4116 1255 4175 81.
1268 4116 1310 4177 61.
1380 4190 1384 4215 Ι
