2942 4608
249 289 348 362 438
479 317 482 322 ·
650 283 907 354 CICERONIS

250 475 284 523 sc
304 473 371 522 rem
387 453 547 538 publicam
567 471 672 537 perae
692 475 759 521 non
776 473 887 538 posse:
910 471 1002 519 mane
1023 448 1132 538 idibus
1154 449 1299 541 Septent-

249 572 360 641 bribus
382 581 413 639 et
433 572 490 637 ille
512 580 543 637 et
564 580 692 638 senatus
709 572 858 659 frequens
879 580 993 638 vocatu
1008 567 1105 636 Drusi
1126 573 1161 638 in
1178 575 1300 639 cumam

154 754 157 760 .
212 778 215 783 γ
249 693 345 775 venit.
388 688 436 756 lbi
462 709 532 756 cum
553 686 675 755 Drusus
700 689 798 756 multa
824 689 863 755 de
884 688 1027 777 Philippo
1051 698 1180 774 questus
1202 699 1299 769 esset,

235 808 357 875 'retulit
383 807 425 874 ad
451 817 593 874 senatum
625 807 664 873 de
690 807 748 873 illo
774 809 858 894 ipso,
890 807 973 893 quod
999 810 1033 873 in
1059 827 1130 872 eum
1157 807 1300 883 ordinem

252 925 454 993 consultam
480 928 619 1010 graviter
644 926 679 990 in
700 926 845 991 contione
870 935 956 991 esset
977 927 1127 991 invectus.
1171 924 1202 989 3.
1228 922 1300 1004 Η16,

251 1052 286 1110 ut
300 1063 396 1130 saepe
416 1044 498 1109 inter
511 1043 654 1109 homines
671 1043 922 1129 sapientissimos
938 1052 1091 1119 constare=
1102 1041 1177 1119 vidi,
1200 1061 1300 1128 ptan-

213 1165 224 1243 1
253 1180 348 1248 mam
368 1160 430 1227 hoc
453 1158 586 1239 Crasso,
614 1180 683 1226 cunr
705 1158 825 1246 aliquid
847 1160 1025 1226 accuratius
1048 1159 1194 1245 dixisset,
1217 1179 1301 1225 sem-

252 1298 310 1367 per
332 1278 400 1345 fere
428 1280 625 1362 contigisset,
652 1288 685 1343 ut
710 1272 868 1364 nunqrta'm
894 1278 1013 1344 dixisse
1040 1277 1153 1344 melius
1175 1286 1302 1364 putare-
1372 1286 1375 1291 “

253 1405 318 1474 tur,
345 1405 451 1462 tamen
476 1391 612 1462 omnium
633 1414 792 1462 consensu
818 1397 865 1462 sic
887 1415 960 1461 esse
986 1395 1155 1462 iudicatum
1177 1406 1301 1462 ceteros

256 1532 278 1580 a
306 1511 424 1579 Crasso
457 1533 579 1600 semper
602 1515 732 1592 tomus,
766 1513 824 1580 illo
856 1523 959 1579 autem
991 1513 1042 1580 die
1074 1515 1169 1579 etiam
1201 1515 1302 1600 ipsum

256 1649 333 1700 ase
356 1641 543 1719 superatum.
585 1628 769 1719 Deploravit
790 1633 873 1698 enim
894 1650 1003 1697 casum
1025 1642 1117 1717 atque
1137 1631 1302 1698 orbitatem

256 1851 398 1923 vulgatum
414 1850 574 1906 uidendam
596 1850 655 1906 sibi
675 1849 765 1904 altad—
778 1866 842 1903 esse
858 1846 1014 1902 consiliam
1036 1848 1136 1903 inverti
1154 1849 1303 1904 secundum
1323 1859 1330 1868 '

225 1976 233 1985 .
256 1934 330 1990 vict.
350 1935 403 1990 Gu.
416 1936 441 1990 2.
455 1936 480 1990 3.
499 1934 550 2006 Lg.
569 1944 682 2006 praeter
697 1935 723 1987 4.
741 1934 784 1989 32.
803 1934 845 1989 73.
860 1933 902 1987 76.
920 1932 962 1990 81.
978 1933 1020 1988 84.
1039 1935 1164 1988 omnibus
1182 1944 1210 1988 et
1223 1933 1304 1988 Lam

256 2018 364 2083 binum3
389 2019 496 2073 illorum
514 2019 556 2073 32.
578 2036 639 2071 cum
658 2019 758 2072 ceteris
777 2019 933 2088 conspirat,
958 2018 1010 2071 nisi
1031 2018 1106 2089 quod
1126 2018 1202 2073 illud
1219 2019 1305 2073 habet

256 2118 311 2173 pro
329 2101 423 2156 ettad.
460 2102 592 2160 Quaeslta
614 2111 656 2156 est
679 2110 707 2155 et
728 2102 799 2155 iusto
821 2100 998 2156 artificioslor
1015 2103 1138 2173 vulgaris
1156 2102 1304 2157 verborum

257 2186 416 2254 collocatio,
434 2203 514 2256 quam
534 2202 604 2255 quae
620 2195 695 2240 recte
713 2187 860 2240 conveniet
876 2186 1012 2258 Philippo
1026 2188 1144 2240 animum
1162 2189 1240 2257 quasi
1257 2188 1304 2241 de·

197 2312 199 2317 ,
257 2261 423 2341 spondenti,
445 2273 491 2340 qui
509 2272 632 2326 omnibus
650 2272 850 2342 circumspectis
869 2265 1066 2343 nullam'spenr
1084 2268 1226 2342 reperieris
1245 2281 1303 2326 tan·

258 2355 321 2409 dem
342 2355 370 2408 in
388 2357 524 2426 publicum
539 2352 685 2425 ¹consilium
703 2356 861 2410 mutandum
877 2355 979 2410 incidit.
1000 2383 1036 2395 ·-
1064 2355 1179 2427 perere]
1201 2373 1305 2428 repere

188 2510 192 2515 Ι
257 2437 366 2506 lamb,
384 2449 412 2494 ot
429 2440 468 2493 sic
481 2440 533 2513 hg.
547 2442 589 2497 36.
604 2441 647 2496 93.
662 2470 699 2484 —-
718 2438 954 2514 Septembribus]
973 2440 1014 2494 sic
1031 2448 1159 2494 accurate
1176 2441 1306 2512 scriptum

210 2567 212 2571 .
258 2524 288 2578 in
305 2523 356 2596 ng.
371 2525 413 2579 76.
429 2524 472 2580 84.
492 2525 582 2581 11666.
598 2526 621 2580 l.
639 2535 785 2597 praeterea
803 2542 863 2578 cum
880 2524 964 2579 66666
981 2524 1118 2579 scribendi
1136 2525 1305 2596 compendiis

258 2608 289 2663 16
307 2609 332 2664 3.
355 2609 381 2665 5.
404 2609 446 2666 26.
469 2610 511 2666 36.
536 2612 577 2666 76.
596 2612 638 2666 73.
669 2610 740 2664 11611.
764 2605 955 2681 Septembris.
979 2639 1015 2649 -
1042 2608 1164 2680 retulit]
1189 2608 1306 2664 rcttaltt

259 2691 312 2767 Lg.
329 2693 372 2748 21.
396 2693 438 2749 23.
463 2695 505 2750 84.
529 2695 573 2750 86.
592 2723 628 2738 —-
658 2699 691 2750 tn
706 2711 780 2765 *eum
803 2695 939 2749 ordinem
961 2693 1080 2765 consul]
1104 2695 1144 2747 sic
1165 2694 1307 2765 vulgatum

259 2778 384 2833 ordInem
400 2779 548 2834 verborum
566 2778 669 2835 concoct
686 2783 717 2834 tn
734 2795 801 2834 eam
818 2779 954 2832 ordinem
977 2781 1086 2834 correxi
1105 2797 1140 2832 ex
1156 2777 1206 2849 Lg.
1224 2795 1306 2849 prae·

259 2863 363 2941 te561.
382 2863 507 2918 omnibus
525 2874 553 2919 ct
570 2865 640 2919 Vlct.
660 2864 756 2920 (16.2.
775 2865 800 2919 3.
835 2863 896 2919 Η66
915 2865 986 2917 enim
1002 2863 1068 2917 nihil
1086 2863 1159 2919 alind
1175 2871 1228 2929 est,
1252 2864 1308 2916 nisi

260 2947 400 3003 consulent
422 2949 522 3003 acerbe
545 2950 648 3003 dixisse
670 2951 698 3003 in
722 2958 862 3013 senetum3
888 2951 1055 3019 transposita
1075 2948 1161 3003 verba
1182 2947 1307 3017 indigna

258 3029 346 3085 bundi
362 3041 434 3099 sunt,
454 3032 537 3103 quod,
555 3035 600 3102 qui
617 3035 726 3087 minime
744 3032 892 3100 debuisset,
912 3034 1007 3087 consul
1025 3033 1082 3087 eius
1100 3034 1203 3088 ordinis
1220 3033 1306 3104 digni·

260 3122 345 3171 tatem
361 3118 483 3172 minuere
500 3136 582 3172 ausus
600 3126 680 3172 esset.
698 3147 734 3160 —
753 3117 905 3187 contione]
918 3119 957 3171 sic
974 3117 1024 3189 Lg.
1038 3118 1064 3173 2.
1081 3118 1124 3173 23.
1140 3119 1182 3173 24
1201 3118 1242 3174 32.
1261 3117 1304 3172 35.

259 3197 364 3257 3665.
383 3202 425 3257 69.
446 3204 488 3258 73.
507 3203 548 3258 76.
567 3201 609 3257 81.
627 3201 669 3257 84.
688 3201 730 3257 86.
749 3203 792 3257 93.
829 3207 983 3257 coactione
1001 3203 1044 3258 67.
1063 3202 1105 3257 76.

345 3286 371 3342 3.
408 3286 467 3352 bic,
481 3294 516 3342 at
529 3305 617 3360 saepe
627 3316 664 3329 —
675 3305 738 3343 ease
753 3294 816 3341 tam
831 3286 1012 3357 iudicatam]
1032 3289 1072 3341 sic
1085 3288 1166 3342 codd.
1181 3288 1306 3358 plenique

261 3380 290 3426 ct
307 3371 370 3427 edd.
389 3372 424 3426 ab
441 3372 502 3426 Ald.
522 3372 657 3439 661166,
676 3372 739 3427 dein
758 3371 856 3427 Mucll.
877 3369 926 3428 Or.
946 3372 1030 3427 Henr.
1055 3389 1086 3428 v,
1101 3372 1307 3443 explicationes.

261 3454 366 3511 audiet
388 3464 452 3527 post
474 3458 642 3512 iudicatam
665 3458 768 3512 addunt
791 3458 887 3513 Mead.
911 3457 962 3530 Lg.
982 3460 1007 3514 3.
1026 3457 1051 3513 6.
1078 3456 1120 3512 16.
1139 3456 1180 3511 24.
1203 3456 1246 3511 86.
1265 3455 1308 3509 93.

259 3539 301 3594 lta
311 3557 381 3597 corr.
397 3540 439 3597 32.
456 3551 484 3597 et
498 3543 538 3596 sic
553 3544 615 3598 edd
629 3542 780 3613 antiquiss,
797 3542 864 3598 Ern.
879 3542 943 3596 Sch.
970 3543 1137 3598 iudicatam
1153 3539 1310 3595 constabat

261 3626 368 3682 audivi
385 3627 436 3700 Lg.
456 3630 473 3681 4
491 3646 561 3684 corr.
581 3639 611 3683 ut
628 3632 652 3686 3.
690 3628 858 3683 iudicatam
876 3629 1048 3691 audivimas
1063 3628 1124 3683 cod
1142 3627 1211 3698 Reg.
1232 3623 1309 3680 7763.

261 3728 306 3782 ap.
325 3712 353 3765 le
372 3711 476 3781 Glera,
494 3730 573 3783 -quoe
591 3716 683 3769 omnia
699 3714 878 3785 interpretum
894 3722 965 3768 sunt.
1007 3711 1046 3766 Ut
1065 3730 1118 3767 orn.
1136 3732 1165 3783 y.
1185 3720 1212 3765 et
1230 3709 1309 3764 codd.

262 3795 367 3866 aliquot
385 3799 460 3870 apud
475 3799 503 3853 le
515 3798 607 3865 Glerc3
627 3807 656 3854 et
673 3799 757 3852 habet
775 3797 826 3855 Gu.
841 3798 867 3853 2.
899 3797 976 3860 banc
993 3799 1058 3868 (pro
1076 3796 1125 3852 bic
1141 3798 1188 3865 at)
1207 3795 1259 3850 Gn.
1273 3795 1308 3861 3.,

262 3884 446 3959 uterraverlt
463 3883 547 3938 Henr.
583 3883 692 3938 Deinde
710 3886 870 3954 contiptacc
887 3881 1045 3937 constabat
1061 3881 1111 3954 Lg.
1128 3884 1154 3938 3.
1172 3881 1215 3937 32.
1230 3880 1265 3934 84
1281 3894 1308 3933 ν.

180 3967 189 3975 ”
262 3974 324 4021 ut.
344 3964 396 4021 Gu.
411 3967 436 4021 2.
455 3969 494 4021 ita
512 3984 583 4021 corr.
598 3969 623 4021 4.
659 3974 723 4021 tam
740 3975 803 4020 ante
822 3969 1000 4033 iudicatam,
1019 3968 1094 4037 quod
1110 3965 1232 4022 abundat
1249 3971 1310 4035 post

262 4047 331 4112 ato,
356 4050 435 4103 omisi
457 4058 567 4104 secutus
588 4050 639 4121 ng.
657 4050 682 4105 2.
702 4052 727 4104 4.
754 4051 794 4105 13.
817 4052 852 4106 32
868 4052 931 4106 add.
954 4053 997 4108 36.
1022 4050 1074 4106 Gu.
1090 4052 1118 4106 3.
1136 4080 1170 4095 ·-
1201 4045 1310 4117 amata]

262 4134 361 4203 scripsi
378 4151 414 4188 ex
431 4133 481 4204 hg.
497 4131 521 4187 2.
543 4134 583 4190 13.
601 4133 641 4191 14.
660 4133 701 4190 15.
718 4134 759 4191 16.
776 4135 816 4191 17.
834 4135 877 4197 21,
890 4136 935 4193 23.
950 4137 993 4191 24.
1011 4136 1047 4192 32
1061 4153 1132 4194 corr.
1147 4135 1190 4193 36.
1210 4135 1253 4191 65.
1268 4131 1309 4188 63.
