<?xml version="1.0" encoding="UTF-8"?>
<!DOCTYPE html PUBLIC "-//W3C//DTD XHTML 1.0 Transitional//EN"
    "http://www.w3.org/TR/xhtml1/DTD/xhtml1-transitional.dtd">
<html xmlns="http://www.w3.org/1999/xhtml" xml:lang="en" lang="en">
 <head>
  <title>
</title>
<meta http-equiv="Content-Type" content="text/html;charset=utf-8" />
  <meta name='ocr-system' content='tesseract 3.04.00' />
  <meta name='ocr-capabilities' content='ocr_page ocr_carea ocr_par ocr_line ocrx_word'/>
</head>
<body>
  <div class='ocr_page' id='page_1' title='image "./mtulliciceronis00ellegoog/mtulliciceronis00ellegoog_0216.png"; bbox 0 0 2958 4584; ppageno 0'>
   <div class='ocr_carea' id='block_1_1' title="bbox 429 278 1238 389">
    <p class='ocr_par' dir='ltr' id='par_1_1' title="bbox 429 278 1238 389">
     <span class='ocr_line' id='line_1_1' title="bbox 429 278 1238 389; baseline 0.009 -43"><span class='ocrx_word' id='word_1_1' title='bbox 429 280 487 346; x_wconf 82' lang='lat' dir='ltr'><strong>DE</strong></span> <span class='ocrx_word' id='word_1_2' title='bbox 515 278 1033 389; x_wconf 43' lang='grc' dir='ltr'><strong>0341Το13111111311113.κ</strong></span> <span class='ocrx_word' id='word_1_3' title='bbox 1147 280 1238 353; x_wconf 72' lang='lat'><strong>18⁸</strong></span> 
     </span>
    </p>
   </div>
   <div class='ocr_carea' id='block_1_2' title="bbox 159 446 1251 1000">
    <p class='ocr_par' dir='ltr' id='par_1_2' title="bbox 159 446 1251 1000">
     <span class='ocr_line' id='line_1_2' title="bbox 199 446 1240 534; baseline -0.007 -15"><span class='ocrx_word' id='word_1_4' title='bbox 199 457 235 519; x_wconf 84' lang='lat' dir='ltr'><strong>in</strong></span> <span class='ocrx_word' id='word_1_5' title='bbox 261 471 302 517; x_wconf 91' lang='lat' dir='ltr'><strong>eo</strong></span> <span class='ocrx_word' id='word_1_6' title='bbox 329 450 396 516; x_wconf 85' lang='lat' dir='ltr'><strong>lore</strong></span> <span class='ocrx_word' id='word_1_7' title='bbox 421 469 552 534; x_wconf 76' lang='lat' dir='ltr'><strong>genere,</strong></span> <span class='ocrx_word' id='word_1_8' title='bbox 579 450 663 534; x_wconf 87' lang='lat' dir='ltr'><strong>qnod</strong></span> <span class='ocrx_word' id='word_1_9' title='bbox 689 449 799 513; x_wconf 90' lang='lat' dir='ltr'><strong>merito</strong></span> <span class='ocrx_word' id='word_1_10' title='bbox 824 456 948 533; x_wconf 90' lang='lat' dir='ltr'><strong>propter</strong></span> <span class='ocrx_word' id='word_1_11' title='bbox 970 452 1094 523; x_wconf 83' lang='lat' dir='ltr'><strong>eorum,</strong></span> <span class='ocrx_word' id='word_1_12' title='bbox 1123 447 1175 531; x_wconf 84' lang='lat' dir='ltr'><strong>qni</strong></span> <span class='ocrx_word' id='word_1_13' title='bbox 1202 446 1240 512; x_wconf 88' lang='lat' dir='ltr'><strong>de</strong></span> 
     </span>
     <span class='ocr_line' id='line_1_3' title="bbox 202 556 1240 651; baseline -0.008 -16"><span class='ocrx_word' id='word_1_14' title='bbox 202 567 329 635; x_wconf 86' lang='lat' dir='ltr'><strong>dicendi</strong></span> <span class='ocrx_word' id='word_1_15' title='bbox 352 568 473 632; x_wconf 87' lang='lat' dir='ltr'><strong>ratione</strong></span> <span class='ocrx_word' id='word_1_16' title='bbox 500 556 706 651; x_wconf 83' lang='lat' dir='ltr'><strong>disputarunt,</strong></span> <span class='ocrx_word' id='word_1_17' title='bbox 734 566 925 629; x_wconf 87' lang='lat' dir='ltr'><strong>ieiunitatem</strong></span> <span class='ocrx_word' id='word_1_18' title='bbox 949 563 1101 628; x_wconf 89' lang='lat' dir='ltr'><strong>bonarum</strong></span> <span class='ocrx_word' id='word_1_19' title='bbox 1128 564 1240 627; x_wconf 86' lang='lat' dir='ltr'><strong>artium</strong></span> 
     </span>
     <span class='ocr_line' id='line_1_4' title="bbox 202 676 1251 770; baseline -0.005 -22"><span class='ocrx_word' id='word_1_20' title='bbox 202 686 303 770; x_wconf 81' lang='lat' dir='ltr'><strong>possit</strong></span> <span class='ocrx_word' id='word_1_21' title='bbox 332 682 430 748; x_wconf 84' lang='lat' dir='ltr'><strong>illudi.</strong></span> <span class='ocrx_word' id='word_1_22' title='bbox 484 681 534 746; x_wconf 93' lang='grc'><strong>11.</strong></span> <span class='ocrx_word' id='word_1_23' title='bbox 567 681 652 747; x_wconf 88' lang='lat' dir='ltr'><strong>Nihil</strong></span> <span class='ocrx_word' id='word_1_24' title='bbox 684 681 767 747; x_wconf 85' lang='lat' dir='ltr'><strong>enirn</strong></span> <span class='ocrx_word' id='word_1_25' title='bbox 798 678 873 745; x_wconf 86' lang='lat' dir='ltr'><strong>mihi</strong></span> <span class='ocrx_word' id='word_1_26' title='bbox 904 679 1027 764; x_wconf 84' lang='lat' dir='ltr'><strong>quidem</strong></span> <span class='ocrx_word' id='word_1_27' title='bbox 1057 679 1179 745; x_wconf 85' lang='lat' dir='ltr'><strong>videtur</strong></span> <span class='ocrx_word' id='word_1_28' title='bbox 1209 676 1251 744; x_wconf 79' lang='lat' dir='ltr'><strong>in¹</strong></span> 
     </span>
     <span class='ocr_line' id='line_1_5' title="bbox 159 776 1242 881; baseline -0.002 -19"><span class='ocrx_word' id='word_1_29' title='bbox 159 828 162 835; x_wconf 51' lang='lat'><strong><em>¹</em></strong></span> <span class='ocrx_word' id='word_1_30' title='bbox 206 797 314 864; x_wconf 79' lang='lat' dir='ltr'><strong>Crassi</strong></span> <span class='ocrx_word' id='word_1_31' title='bbox 339 807 370 864; x_wconf 90' lang='lat' dir='ltr'><strong>et</strong></span> <span class='ocrx_word' id='word_1_32' title='bbox 395 776 522 864; x_wconf 28' lang='lat' dir='ltr'><strong>Antoni·</strong></span> <span class='ocrx_word' id='word_1_33' title='bbox 540 816 683 863; x_wconf 88' lang='lat' dir='ltr'><strong>sermone</strong></span> <span class='ocrx_word' id='word_1_34' title='bbox 710 816 782 861; x_wconf 89' lang='lat' dir='ltr'><strong>esse</strong></span> <span class='ocrx_word' id='word_1_35' title='bbox 807 798 1022 881; x_wconf 85' lang='lat' dir='ltr'><strong>praeteritum,</strong></span> <span class='ocrx_word' id='word_1_36' title='bbox 1048 797 1130 881; x_wconf 87' lang='lat' dir='ltr'><strong>quod</strong></span> <span class='ocrx_word' id='word_1_37' title='bbox 1157 799 1242 880; x_wconf 84' lang='lat' dir='ltr'><strong>quis-</strong></span> 
     </span>
     <span class='ocr_line' id='line_1_6' title="bbox 205 912 1244 1000; baseline -0.002 -20"><span class='ocrx_word' id='word_1_38' title='bbox 205 920 295 1000; x_wconf 83' lang='lat' dir='ltr'><strong>quam</strong></span> <span class='ocrx_word' id='word_1_39' title='bbox 320 917 449 980; x_wconf 85' lang='lat' dir='ltr'><strong>summis</strong></span> <span class='ocrx_word' id='word_1_40' title='bbox 476 915 612 997; x_wconf 83' lang='lat' dir='ltr'><strong>ingeniis</strong></span> <span class='ocrx_word' id='word_1_41' title='bbox 640 914 801 999; x_wconf 78' lang='lat' dir='ltr'><strong>acerrimis</strong></span> <span class='ocrx_word' id='word_1_42' title='bbox 827 912 938 977; x_wconf 90' lang='lat' dir='ltr'><strong>studiis</strong></span> <span class='ocrx_word' id='word_1_43' title='bbox 965 913 1080 998; x_wconf 87' lang='lat' dir='ltr'><strong>optima</strong></span> <span class='ocrx_word' id='word_1_44' title='bbox 1101 912 1244 978; x_wconf 76' lang='lat' dir='ltr'><strong>docmina</strong></span> 
     </span>
    </p>
   </div>
   <div class='ocr_carea' id='block_1_3' title="bbox 42 1028 1345 1245">
    <p class='ocr_par' dir='ltr' id='par_1_3' title="bbox 42 1028 1345 1245">
     <span class='ocr_line' id='line_1_7' title="bbox 201 1028 1345 1121; baseline -0.002 -25"><span class='ocrx_word' id='word_1_45' title='bbox 201 1035 335 1097; x_wconf 80' lang='lat' dir='ltr'><strong>marimo</strong></span> <span class='ocrx_word' id='word_1_46' title='bbox 368 1050 428 1095; x_wconf 89' lang='lat' dir='ltr'><strong>usu</strong></span> <span class='ocrx_word' id='word_1_47' title='bbox 458 1032 609 1115; x_wconf 80' lang='lat' dir='ltr'><strong>cognosci</strong></span> <span class='ocrx_word' id='word_1_48' title='bbox 640 1048 677 1094; x_wconf 87' lang='lat' dir='ltr'><strong>ac</strong></span> <span class='ocrx_word' id='word_1_49' title='bbox 707 1031 825 1115; x_wconf 89' lang='lat' dir='ltr'><strong>percipi</strong></span> <span class='ocrx_word' id='word_1_50' title='bbox 851 1030 991 1114; x_wconf 87' lang='lat' dir='ltr'><strong>potuisse</strong></span> <span class='ocrx_word' id='word_1_51' title='bbox 1018 1028 1243 1106; x_wconf 75' lang='lat' dir='ltr'><strong>varbitraretnr3</strong></span> <span class='ocrx_word' id='word_1_52' title='bbox 1333 1112 1345 1121; x_wconf 29' lang='lat'><em>⁶</em></span> 
     </span>
     <span class='ocr_line' id='line_1_8' title="bbox 42 1144 1242 1245; baseline -0.001 -33"><span class='ocrx_word' id='word_1_53' title='bbox 42 1175 43 1178; x_wconf 40' lang='lat'>¹</span> <span class='ocrx_word' id='word_1_54' title='bbox 85 1206 92 1211; x_wconf 89' lang='lat'>.</span> <span class='ocrx_word' id='word_1_55' title='bbox 202 1147 285 1245; x_wconf 87' lang='lat' dir='ltr'><strong>quod</strong></span> <span class='ocrx_word' id='word_1_56' title='bbox 307 1157 340 1212; x_wconf 87' lang='lat' dir='ltr'><strong>tu</strong></span> <span class='ocrx_word' id='word_1_57' title='bbox 360 1146 511 1212; x_wconf 78' lang='lat' dir='ltr'><strong>facillime</strong></span> <span class='ocrx_word' id='word_1_58' title='bbox 531 1146 649 1232; x_wconf 90' lang='lat' dir='ltr'><strong>poteris</strong></span> <span class='ocrx_word' id='word_1_59' title='bbox 671 1145 908 1230; x_wconf 63' lang='lat' dir='ltr'><strong>iudicare‚»qui</strong></span> <span class='ocrx_word' id='word_1_60' title='bbox 929 1144 1124 1230; x_wconf 79' lang='lat' dir='ltr'><strong>prudentiam</strong></span> <span class='ocrx_word' id='word_1_61' title='bbox 1144 1147 1242 1211; x_wconf 85' lang='lat' dir='ltr'><strong>ratio-</strong></span> 
     </span>
    </p>
   </div>
   <div class='ocr_carea' id='block_1_4' title="bbox 202 1263 1335 2511">
    <p class='ocr_par' dir='ltr' id='par_1_4' title="bbox 202 1263 1335 2268">
     <span class='ocr_line' id='line_1_9' title="bbox 202 1263 1244 1349; baseline -0.002 -20"><span class='ocrx_word' id='word_1_62' title='bbox 202 1270 335 1349; x_wconf 81' lang='lat' dir='ltr'>nemque</span> <span class='ocrx_word' id='word_1_63' title='bbox 357 1263 481 1328; x_wconf 89' lang='lat' dir='ltr'><strong>dicendi</strong></span> <span class='ocrx_word' id='word_1_64' title='bbox 502 1272 609 1349; x_wconf 89' lang='lat' dir='ltr'><strong>perte</strong></span> <span class='ocrx_word' id='word_1_65' title='bbox 631 1265 746 1348; x_wconf 89' lang='lat' dir='ltr'><strong>ipsum,</strong></span> <span class='ocrx_word' id='word_1_66' title='bbox 773 1281 863 1326; x_wconf 90' lang='lat' dir='ltr'><strong>usum</strong></span> <span class='ocrx_word' id='word_1_67' title='bbox 890 1271 991 1327; x_wconf 83' lang='lat' dir='ltr'><strong>autem</strong></span> <span class='ocrx_word' id='word_1_68' title='bbox 1017 1264 1152 1347; x_wconf 84' lang='lat' dir='ltr'><strong>pennos</strong></span> <span class='ocrx_word' id='word_1_69' title='bbox 1173 1281 1244 1347; x_wconf 88' lang='lat' dir='ltr'><strong>per-</strong></span> 
     </span>
     <span class='ocr_line' id='line_1_10' title="bbox 203 1376 1243 1465; baseline -0.002 -21"><span class='ocrx_word' id='word_1_70' title='bbox 203 1381 309 1465; x_wconf 77' lang='lat' dir='ltr'><strong>cipere</strong></span> <span class='ocrx_word' id='word_1_71' title='bbox 331 1378 472 1445; x_wconf 74' lang='lat' dir='ltr'><strong>&#39;soluisti</strong></span> <span class='ocrx_word' id='word_1_72' title='bbox 517 1378 592 1444; x_wconf 62' lang='lat' dir='ltr'><strong>‘Sed</strong></span> <span class='ocrx_word' id='word_1_73' title='bbox 621 1397 681 1464; x_wconf 89' lang='lat' dir='ltr'><strong>quo</strong></span> <span class='ocrx_word' id='word_1_74' title='bbox 711 1380 801 1442; x_wconf 89' lang='lat' dir='ltr'><strong>citius</strong></span> <span class='ocrx_word' id='word_1_75' title='bbox 828 1376 903 1454; x_wconf 83' lang='lat' dir='ltr'><strong>hoc,</strong></span> <span class='ocrx_word' id='word_1_76' title='bbox 931 1378 1013 1462; x_wconf 85' lang='lat' dir='ltr'><strong>quod</strong></span> <span class='ocrx_word' id='word_1_77' title='bbox 1039 1381 1243 1465; x_wconf 79' lang='lat' dir='ltr'><strong>suscepimus,</strong></span> 
     </span>
     <span class='ocr_line' id='line_1_11' title="bbox 203 1469 1246 1581; baseline 0.001 -21"><span class='ocrx_word' id='word_1_78' title='bbox 203 1515 269 1561; x_wconf 87' lang='lat' dir='ltr'><strong>non</strong></span> <span class='ocrx_word' id='word_1_79' title='bbox 295 1469 453 1560; x_wconf 73' lang='lat' dir='ltr'><strong>mediocre</strong></span> <span class='ocrx_word' id='word_1_80' title='bbox 480 1514 589 1558; x_wconf 90' lang='lat' dir='ltr'><strong>munus</strong></span> <span class='ocrx_word' id='word_1_81' title='bbox 616 1493 769 1560; x_wconf 85' lang='lat' dir='ltr'><strong>conficere</strong></span> <span class='ocrx_word' id='word_1_82' title='bbox 786 1495 965 1581; x_wconf 83' lang='lat' dir='ltr'><strong>possimus,</strong></span> <span class='ocrx_word' id='word_1_83' title='bbox 992 1498 1110 1560; x_wconf 84' lang='lat' dir='ltr'><strong>omissa</strong></span> <span class='ocrx_word' id='word_1_84' title='bbox 1135 1505 1246 1561; x_wconf 82' lang='lat' dir='ltr'><strong>nostra</strong></span> 
     </span>
     <span class='ocr_line' id='line_1_12' title="bbox 204 1609 1249 1693; baseline 0.004 -18"><span class='ocrx_word' id='word_1_85' title='bbox 204 1609 424 1676; x_wconf 75' lang='lat' dir='ltr'><strong>adhortatione</strong></span> <span class='ocrx_word' id='word_1_86' title='bbox 459 1610 500 1673; x_wconf 89' lang='lat' dir='ltr'><strong>ad</strong></span> <span class='ocrx_word' id='word_1_87' title='bbox 530 1629 658 1686; x_wconf 88' lang='lat' dir='ltr'><strong>eorum,</strong></span> <span class='ocrx_word' id='word_1_88' title='bbox 694 1627 777 1693; x_wconf 11' lang='lat' dir='ltr'><strong>qnos?</strong></span> <span class='ocrx_word' id='word_1_89' title='bbox 801 1609 1036 1692; x_wconf 89' lang='lat' dir='ltr'><strong>proposuimus,</strong></span> <span class='ocrx_word' id='word_1_90' title='bbox 1070 1630 1249 1681; x_wconf 88' lang='lat' dir='ltr'><strong>sermonem</strong></span> 
     </span>
     <span class='ocr_line' id='line_1_13' title="bbox 205 1721 1251 1811; baseline 0.003 -23"><span class='ocrx_word' id='word_1_91' title='bbox 205 1725 506 1809; x_wconf 72' lang='lat' dir='ltr'><strong>disputationemque</strong></span> <span class='ocrx_word' id='word_1_92' title='bbox 527 1727 699 1790; x_wconf 83' lang='lat' dir='ltr'><strong>ueniamus.</strong></span> <span class='ocrx_word' id='word_1_93' title='bbox 732 1723 782 1787; x_wconf 85' lang='lat'><strong>12.</strong></span> <span class='ocrx_word' id='word_1_94' title='bbox 801 1721 933 1788; x_wconf 90' lang='lat' dir='ltr'><strong>Postero</strong></span> <span class='ocrx_word' id='word_1_95' title='bbox 955 1725 1049 1806; x_wconf 84' lang='lat' dir='ltr'><strong>igitur</strong></span> <span class='ocrx_word' id='word_1_96' title='bbox 1070 1725 1130 1801; x_wconf 84' lang='lat' dir='ltr'><strong>die,</strong></span> <span class='ocrx_word' id='word_1_97' title='bbox 1153 1746 1251 1811; x_wconf 89' lang='lat' dir='ltr'><strong>quam</strong></span> 
     </span>
     <span class='ocr_line' id='line_1_14' title="bbox 202 1820 1245 1917; baseline 0.002 -11"><span class='ocrx_word' id='word_1_98' title='bbox 202 1839 264 1907; x_wconf 88' lang='lat' dir='ltr'><strong>illa</strong></span> <span class='ocrx_word' id='word_1_99' title='bbox 281 1849 380 1916; x_wconf 65' lang='lat' dir='ltr'><strong>‚erant</strong></span> <span class='ocrx_word' id='word_1_100' title='bbox 407 1849 490 1917; x_wconf 87' lang='lat' dir='ltr'><strong>acta,</strong></span> <span class='ocrx_word' id='word_1_101' title='bbox 520 1820 603 1906; x_wconf 79' lang='lat' dir='ltr'><strong>liora</strong></span> <span class='ocrx_word' id='word_1_102' title='bbox 628 1841 695 1905; x_wconf 88' lang='lat' dir='ltr'><strong>lere</strong></span> <span class='ocrx_word' id='word_1_103' title='bbox 722 1838 875 1915; x_wconf 86' lang='lat' dir='ltr'><strong>secunda,</strong></span> <span class='ocrx_word' id='word_1_104' title='bbox 907 1858 976 1903; x_wconf 90' lang='lat' dir='ltr'><strong>cum</strong></span> <span class='ocrx_word' id='word_1_105' title='bbox 1002 1841 1183 1907; x_wconf 87' lang='lat' dir='ltr'><strong>etiamtum</strong></span> <span class='ocrx_word' id='word_1_106' title='bbox 1211 1844 1245 1908; x_wconf 90' lang='lat' dir='ltr'><strong>in</strong></span> 
     </span>
     <span class='ocr_line' id='line_1_15' title="bbox 202 1952 1244 2042; baseline 0.003 -20"><span class='ocrx_word' id='word_1_107' title='bbox 202 1956 287 2022; x_wconf 91' lang='lat' dir='ltr'><strong>lecto</strong></span> <span class='ocrx_word' id='word_1_108' title='bbox 311 1953 446 2020; x_wconf 80' lang='lat' dir='ltr'><strong>Crassus</strong></span> <span class='ocrx_word' id='word_1_109' title='bbox 473 1967 558 2021; x_wconf 91' lang='lat' dir='ltr'><strong>esset</strong></span> <span class='ocrx_word' id='word_1_110' title='bbox 585 1966 615 2021; x_wconf 90' lang='lat' dir='ltr'><strong>et</strong></span> <span class='ocrx_word' id='word_1_111' title='bbox 639 1954 719 2042; x_wconf 90' lang='lat' dir='ltr'><strong>apud</strong></span> <span class='ocrx_word' id='word_1_112' title='bbox 742 1974 810 2019; x_wconf 91' lang='lat' dir='ltr'><strong>eum</strong></span> <span class='ocrx_word' id='word_1_113' title='bbox 834 1952 991 2040; x_wconf 82' lang='lat' dir='ltr'><strong>Sulpicius</strong></span> <span class='ocrx_word' id='word_1_114' title='bbox 1014 1956 1149 2029; x_wconf 83' lang='lat' dir='ltr'><strong>sederet,</strong></span> <span class='ocrx_word' id='word_1_115' title='bbox 1175 1957 1244 2025; x_wconf 80' lang='lat' dir='ltr'><strong>An&#39;-</strong></span> 
     </span>
     <span class='ocr_line' id='line_1_16' title="bbox 202 2068 1335 2162; baseline 0.004 -25"><span class='ocrx_word' id='word_1_116' title='bbox 202 2075 306 2137; x_wconf 85' lang='lat' dir='ltr'><strong>tonius</strong></span> <span class='ocrx_word' id='word_1_117' title='bbox 334 2082 436 2141; x_wconf 88' lang='lat' dir='ltr'><strong>autem</strong></span> <span class='ocrx_word' id='word_1_118' title='bbox 461 2072 669 2138; x_wconf 87' lang='lat' dir='ltr'><strong>inambularet</strong></span> <span class='ocrx_word' id='word_1_119' title='bbox 697 2091 765 2137; x_wconf 88' lang='lat' dir='ltr'><strong>oum</strong></span> <span class='ocrx_word' id='word_1_120' title='bbox 787 2068 878 2145; x_wconf 81' lang='lat' dir='ltr'><strong>Cotta</strong></span> <span class='ocrx_word' id='word_1_121' title='bbox 904 2073 936 2136; x_wconf 93' lang='lat' dir='ltr'><strong>in</strong></span> <span class='ocrx_word' id='word_1_122' title='bbox 957 2074 1090 2162; x_wconf 86' lang='lat' dir='ltr'><strong>porticu,</strong></span> <span class='ocrx_word' id='word_1_123' title='bbox 1117 2087 1243 2162; x_wconf 86' lang='lat' dir='ltr'><strong>repente</strong></span> <span class='ocrx_word' id='word_1_124' title='bbox 1330 2082 1335 2089; x_wconf 83' lang='lat'><em>&#39;</em></span> 
     </span>
     <span class='ocr_line' id='line_1_17' title="bbox 204 2170 1270 2268; baseline 0.005 -16"><span class='ocrx_word' id='word_1_125' title='bbox 204 2207 243 2253; x_wconf 92' lang='lat' dir='ltr'><strong>eo</strong></span> <span class='ocrx_word' id='word_1_126' title='bbox 263 2186 300 2266; x_wconf 84' lang='lat' dir='ltr'><strong>Q.</strong></span> <span class='ocrx_word' id='word_1_127' title='bbox 316 2170 443 2253; x_wconf 82' lang='lat' dir='ltr'><strong>Catulus</strong></span> <span class='ocrx_word' id='word_1_128' title='bbox 467 2208 564 2253; x_wconf 86' lang='lat' dir='ltr'><strong>senex</strong></span> <span class='ocrx_word' id='word_1_129' title='bbox 586 2208 654 2258; x_wconf 87' lang='lat' dir='ltr'><strong>cum</strong></span> <span class='ocrx_word' id='word_1_130' title='bbox 677 2185 712 2257; x_wconf 83' lang='lat' dir='ltr'><strong>G.</strong></span> <span class='ocrx_word' id='word_1_131' title='bbox 727 2185 805 2252; x_wconf 92' lang='lat' dir='ltr'><strong>lulio</strong></span> <span class='ocrx_word' id='word_1_132' title='bbox 828 2187 924 2253; x_wconf 84' lang='lat' dir='ltr'><strong>fratre</strong></span> <span class='ocrx_word' id='word_1_133' title='bbox 945 2191 1038 2255; x_wconf 84' lang='lat' dir='ltr'><strong>venit.</strong></span> <span class='ocrx_word' id='word_1_134' title='bbox 1076 2172 1172 2268; x_wconf 81' lang='lat' dir='ltr'><strong>Quod</strong></span> <span class='ocrx_word' id='word_1_135' title='bbox 1189 2192 1270 2257; x_wconf 84' lang='lat' dir='ltr'><strong>ubi‘</strong></span> 
     </span>
    </p>

    <p class='ocr_par' dir='ltr' id='par_1_5' title="bbox 207 2302 1245 2396">
     <span class='ocr_line' id='line_1_18' title="bbox 207 2302 1245 2396; baseline 0.004 -30"><span class='ocrx_word' id='word_1_136' title='bbox 207 2303 338 2379; x_wconf 79' lang='lat' dir='ltr'><strong>audivit,</strong></span> <span class='ocrx_word' id='word_1_137' title='bbox 369 2314 537 2369; x_wconf 88' lang='lat' dir='ltr'><strong>commotus</strong></span> <span class='ocrx_word' id='word_1_138' title='bbox 560 2302 700 2396; x_wconf 60' lang='lat' dir='ltr'><strong>ilrassus</strong></span> <span class='ocrx_word' id='word_1_139' title='bbox 733 2307 866 2369; x_wconf 80' lang='lat' dir='ltr'><strong>smrexit</strong></span> <span class='ocrx_word' id='word_1_140' title='bbox 898 2325 1067 2391; x_wconf 89' lang='lat' dir='ltr'><strong>omnesque</strong></span> <span class='ocrx_word' id='word_1_141' title='bbox 1100 2306 1245 2371; x_wconf 83' lang='lat' dir='ltr'><strong>admirati</strong></span> 
     </span>
    </p>

    <p class='ocr_par' dir='ltr' id='par_1_6' title="bbox 207 2396 1307 2511">
     <span class='ocr_line' id='line_1_19' title="bbox 207 2396 1307 2511; baseline 0.006 -29"><span class='ocrx_word' id='word_1_142' title='bbox 207 2419 360 2491; x_wconf 80' lang='lat' dir='ltr'><strong>maiorem</strong></span> <span class='ocrx_word' id='word_1_143' title='bbox 382 2418 518 2511; x_wconf 80' lang='lat' dir='ltr'><strong>aliquam</strong></span> <span class='ocrx_word' id='word_1_144' title='bbox 545 2417 618 2491; x_wconf 83' lang='lat' dir='ltr'><strong>esse</strong></span> <span class='ocrx_word' id='word_1_145' title='bbox 639 2441 767 2494; x_wconf 83' lang='lat' dir='ltr'><strong>oausam</strong></span> <span class='ocrx_word' id='word_1_146' title='bbox 793 2440 900 2495; x_wconf 83' lang='lat' dir='ltr'><strong>eorum</strong></span> <span class='ocrx_word' id='word_1_147' title='bbox 923 2420 1072 2487; x_wconf 84' lang='lat' dir='ltr'><strong>aduentus</strong></span> <span class='ocrx_word' id='word_1_148' title='bbox 1095 2422 1246 2509; x_wconf 84' lang='lat' dir='ltr'><strong>suspicati</strong></span> <span class='ocrx_word' id='word_1_149' title='bbox 1301 2396 1307 2409; x_wconf 41' lang='lat'>⁴</span> 
     </span>
    </p>
   </div>
   <div class='ocr_carea' id='block_1_5' title="bbox 206 2664 1247 3148">
    <p class='ocr_par' dir='ltr' id='par_1_7' title="bbox 206 2664 1247 3167">
     <span class='ocr_line' id='line_1_20' title="bbox 211 2664 1244 2742; baseline 0.006 -24"><span class='ocrx_word' id='word_1_150' title='bbox 211 2680 301 2719; x_wconf 76' lang='lat' dir='ltr'><strong>causa.</strong></span> <span class='ocrx_word' id='word_1_151' title='bbox 318 2694 353 2704; x_wconf 90' lang='lat'><strong>—</strong></span> <span class='ocrx_word' id='word_1_152' title='bbox 372 2664 532 2742; x_wconf 64' lang='lat' dir='ltr'><strong>[sanates]</strong></span> <span class='ocrx_word' id='word_1_153' title='bbox 553 2667 693 2724; x_wconf 79' lang='lat' dir='ltr'><strong>Socrates</strong></span> <span class='ocrx_word' id='word_1_154' title='bbox 710 2669 760 2740; x_wconf 80' lang='lat' dir='ltr'><strong>Lg.</strong></span> <span class='ocrx_word' id='word_1_155' title='bbox 775 2669 800 2724; x_wconf 87' lang='grc'><strong>3.</strong></span> <span class='ocrx_word' id='word_1_156' title='bbox 818 2669 842 2724; x_wconf 87' lang='lat'><strong>5.</strong></span> <span class='ocrx_word' id='word_1_157' title='bbox 863 2669 903 2723; x_wconf 94' lang='grc'><strong>17.</strong></span> <span class='ocrx_word' id='word_1_158' title='bbox 920 2667 963 2723; x_wconf 88' lang='grc'><strong>30.</strong></span> <span class='ocrx_word' id='word_1_159' title='bbox 981 2666 1024 2721; x_wconf 89' lang='grc'><strong>31.</strong></span> <span class='ocrx_word' id='word_1_160' title='bbox 1042 2664 1084 2721; x_wconf 87' lang='grc'><strong>65.</strong></span> <span class='ocrx_word' id='word_1_161' title='bbox 1103 2665 1145 2722; x_wconf 89' lang='grc'><strong>67.</strong></span> <span class='ocrx_word' id='word_1_162' title='bbox 1164 2666 1196 2722; x_wconf 91' lang='grc'><strong>31</strong></span> <span class='ocrx_word' id='word_1_163' title='bbox 1216 2685 1244 2723; x_wconf 86' lang='lat' dir='ltr'><strong>v.</strong></span> 
     </span>
     <span class='ocr_line' id='line_1_21' title="bbox 206 2749 1246 2820; baseline -0.001 -15"><span class='ocrx_word' id='word_1_164' title='bbox 206 2765 233 2809; x_wconf 78' lang='grc' dir='ltr'><strong>ιι.</strong></span> <span class='ocrx_word' id='word_1_165' title='bbox 253 2757 271 2808; x_wconf 83' lang='lat' dir='ltr'><strong>t,</strong></span> <span class='ocrx_word' id='word_1_166' title='bbox 296 2749 338 2803; x_wconf 89' lang='grc'><strong>34.</strong></span> <span class='ocrx_word' id='word_1_167' title='bbox 364 2749 434 2808; x_wconf 77' lang='lat' dir='ltr'><strong>vta.</strong></span> <span class='ocrx_word' id='word_1_168' title='bbox 463 2750 513 2809; x_wconf 86' lang='lat' dir='ltr'><strong>Gu.</strong></span> <span class='ocrx_word' id='word_1_169' title='bbox 534 2756 557 2808; x_wconf 84' lang='lat' dir='ltr'><strong>l.</strong></span> <span class='ocrx_word' id='word_1_170' title='bbox 582 2755 620 2806; x_wconf 81' lang='lat' dir='ltr'><strong>ltu</strong></span> <span class='ocrx_word' id='word_1_171' title='bbox 643 2770 713 2809; x_wconf 87' lang='lat' dir='ltr'><strong>corr.</strong></span> <span class='ocrx_word' id='word_1_172' title='bbox 733 2754 786 2808; x_wconf 84' lang='grc'><strong>33·</strong></span> <span class='ocrx_word' id='word_1_173' title='bbox 812 2751 982 2809; x_wconf 78' lang='lat' dir='ltr'><strong>Insocrates</strong></span> <span class='ocrx_word' id='word_1_174' title='bbox 1003 2752 1028 2805; x_wconf 93' lang='grc'><strong>6.</strong></span> <span class='ocrx_word' id='word_1_175' title='bbox 1063 2750 1119 2804; x_wconf 79' lang='lat' dir='ltr'><strong>Alit</strong></span> <span class='ocrx_word' id='word_1_176' title='bbox 1138 2752 1246 2820; x_wconf 81' lang='lat' dir='ltr'><strong>quidam</strong></span> 
     </span>
     <span class='ocr_line' id='line_1_22' title="bbox 214 2829 1247 2909; baseline 0.002 -21"><span class='ocrx_word' id='word_1_177' title='bbox 214 2829 429 2889; x_wconf 58' lang='grc'><strong>13555553.-</strong></span> <span class='ocrx_word' id='word_1_178' title='bbox 462 2837 626 2890; x_wconf 73' lang='lat' dir='ltr'><strong>timiditate</strong></span> <span class='ocrx_word' id='word_1_179' title='bbox 645 2837 783 2909; x_wconf 71' lang='lat' dir='ltr'><strong>inpenaa]</strong></span> <span class='ocrx_word' id='word_1_180' title='bbox 808 2840 991 2909; x_wconf 71' lang='lat' dir='ltr'><strong>inpennitata</strong></span> <span class='ocrx_word' id='word_1_181' title='bbox 1013 2840 1120 2890; x_wconf 85' lang='lat' dir='ltr'><strong>timore</strong></span> <span class='ocrx_word' id='word_1_182' title='bbox 1141 2835 1191 2908; x_wconf 77' lang='lat' dir='ltr'><strong>Lg.</strong></span> <span class='ocrx_word' id='word_1_183' title='bbox 1214 2837 1247 2892; x_wconf 91' lang='grc'><strong>15</strong></span> 
     </span>
     <span class='ocr_line' id='line_1_23' title="bbox 207 2920 1246 2995; baseline 0.009 -28"><span class='ocrx_word' id='word_1_184' title='bbox 207 2932 277 2969; x_wconf 87' lang='lat' dir='ltr'><strong>corr.</strong></span> <span class='ocrx_word' id='word_1_185' title='bbox 294 2945 330 2955; x_wconf 91' lang='lat'><strong>·—</strong></span> <span class='ocrx_word' id='word_1_186' title='bbox 354 2920 413 2987; x_wconf 72' lang='lat' dir='ltr'><strong>inq.</strong></span> <span class='ocrx_word' id='word_1_187' title='bbox 434 2920 649 2995; x_wconf 76' lang='lat' dir='ltr'><strong>pandam1lnu</strong></span> <span class='ocrx_word' id='word_1_188' title='bbox 669 2920 711 2976; x_wconf 88' lang='grc'><strong>36.</strong></span> <span class='ocrx_word' id='word_1_189' title='bbox 729 2922 762 2975; x_wconf 90' lang='grc'><strong>33</strong></span> <span class='ocrx_word' id='word_1_190' title='bbox 780 2939 850 2975; x_wconf 87' lang='lat' dir='ltr'><strong>corr.</strong></span> <span class='ocrx_word' id='word_1_191' title='bbox 867 2950 902 2961; x_wconf 86' lang='lat'><em>-</em></span> <span class='ocrx_word' id='word_1_192' title='bbox 924 2921 1123 2993; x_wconf 69' lang='lat' dir='ltr'><strong>disposderant]</strong></span> <span class='ocrx_word' id='word_1_193' title='bbox 1143 2922 1246 2994; x_wconf 81' lang='lat' dir='ltr'><strong>dispa-</strong></span> 
     </span>
     <span class='ocr_line' id='line_1_24' title="bbox 207 2999 1245 3076; baseline 0.008 -24"><span class='ocrx_word' id='word_1_194' title='bbox 207 3005 344 3052; x_wconf 82' lang='lat' dir='ltr'><strong>taoerant</strong></span> <span class='ocrx_word' id='word_1_195' title='bbox 360 2999 412 3070; x_wconf 68' lang='lat' dir='ltr'><strong>Lg.</strong></span> <span class='ocrx_word' id='word_1_196' title='bbox 426 3004 451 3057; x_wconf 92' lang='grc'><strong>6.</strong></span> <span class='ocrx_word' id='word_1_197' title='bbox 471 3005 511 3058; x_wconf 89' lang='grc'><strong>14.</strong></span> <span class='ocrx_word' id='word_1_198' title='bbox 532 3005 573 3059; x_wconf 91' lang='grc'><strong>15.</strong></span> <span class='ocrx_word' id='word_1_199' title='bbox 591 3005 634 3059; x_wconf 86' lang='grc'><strong>33.</strong></span> <span class='ocrx_word' id='word_1_200' title='bbox 652 3005 693 3059; x_wconf 83' lang='grc'><strong>76.</strong></span> <span class='ocrx_word' id='word_1_201' title='bbox 706 3016 746 3046; x_wconf 81' lang='lat'><strong>&#39;—-</strong></span> <span class='ocrx_word' id='word_1_202' title='bbox 770 3000 962 3072; x_wconf 73' lang='lat' dir='ltr'><strong>ieiunitatem]</strong></span> <span class='ocrx_word' id='word_1_203' title='bbox 982 3008 1137 3058; x_wconf 75' lang='lat' dir='ltr'><strong>ieiunitate</strong></span> <span class='ocrx_word' id='word_1_204' title='bbox 1155 3004 1204 3076; x_wconf 82' lang='lat' dir='ltr'><strong>Lg.</strong></span> <span class='ocrx_word' id='word_1_205' title='bbox 1219 3006 1245 3060; x_wconf 94' lang='grc'><strong>3.</strong></span> 
     </span>
     <span class='ocr_line' id='line_1_25' title="bbox 206 3084 1246 3148; baseline 0.003 -9"><span class='ocrx_word' id='word_1_206' title='bbox 206 3087 232 3145; x_wconf 82' lang='grc'><strong>5.</strong></span> <span class='ocrx_word' id='word_1_207' title='bbox 259 3084 299 3143; x_wconf 87' lang='grc'><strong>14.</strong></span> <span class='ocrx_word' id='word_1_208' title='bbox 323 3087 363 3141; x_wconf 92' lang='grc'><strong>15.</strong></span> <span class='ocrx_word' id='word_1_209' title='bbox 387 3087 429 3141; x_wconf 85' lang='grc'><strong>36.</strong></span> <span class='ocrx_word' id='word_1_210' title='bbox 454 3088 497 3142; x_wconf 89' lang='grc'><strong>31.</strong></span> <span class='ocrx_word' id='word_1_211' title='bbox 519 3086 561 3141; x_wconf 87' lang='grc'><strong>33.</strong></span> <span class='ocrx_word' id='word_1_212' title='bbox 589 3088 631 3148; x_wconf 83' lang='grc'><strong>35,</strong></span> <span class='ocrx_word' id='word_1_213' title='bbox 653 3089 696 3142; x_wconf 90' lang='grc'><strong>65.</strong></span> <span class='ocrx_word' id='word_1_214' title='bbox 719 3089 761 3142; x_wconf 87' lang='grc'><strong>67.</strong></span> <span class='ocrx_word' id='word_1_215' title='bbox 788 3088 828 3142; x_wconf 89' lang='grc'><strong>76.</strong></span> <span class='ocrx_word' id='word_1_216' title='bbox 853 3089 896 3147; x_wconf 85' lang='grc'><strong>36.</strong></span> <span class='ocrx_word' id='word_1_217' title='bbox 918 3089 953 3144; x_wconf 84' lang='grc'><strong>93</strong></span> <span class='ocrx_word' id='word_1_218' title='bbox 972 3105 1042 3144; x_wconf 84' lang='lat' dir='ltr'><strong>corr.</strong></span> <span class='ocrx_word' id='word_1_219' title='bbox 1079 3089 1117 3141; x_wconf 86' lang='lat' dir='ltr'><strong>de</strong></span> <span class='ocrx_word' id='word_1_220' title='bbox 1139 3092 1246 3142; x_wconf 83' lang='lat' dir='ltr'><strong>tetani-</strong></span> 
     </span>
    </p>
   </div>
   <div class='ocr_carea' id='block_1_6' title="bbox 107 3168 1246 3243">
    <p class='ocr_par' dir='ltr' id='par_1_8' title="bbox 107 3168 1246 3243">
     <span class='ocr_line' id='line_1_26' title="bbox 107 3168 1246 3243; baseline -0.001 -18"><span class='ocrx_word' id='word_1_221' title='bbox 107 3218 120 3237; x_wconf 55' lang='lat' dir='ltr'><em>s</em></span> <span class='ocrx_word' id='word_1_222' title='bbox 207 3168 436 3232; x_wconf 57' lang='grc'><strong>15381353.-</strong></span> <span class='ocrx_word' id='word_1_223' title='bbox 462 3171 621 3239; x_wconf 73' lang='lat' dir='ltr'><strong>donantem]</strong></span> <span class='ocrx_word' id='word_1_224' title='bbox 644 3171 798 3231; x_wconf 79' lang='lat' dir='ltr'><strong>verboram</strong></span> <span class='ocrx_word' id='word_1_225' title='bbox 818 3171 869 3233; x_wconf 86' lang='lat' dir='ltr'><strong>Gn.</strong></span> <span class='ocrx_word' id='word_1_226' title='bbox 885 3174 911 3226; x_wconf 91' lang='grc'><strong>3.</strong></span> <span class='ocrx_word' id='word_1_227' title='bbox 930 3201 966 3213; x_wconf 81' lang='lat'><strong>—-</strong></span> <span class='ocrx_word' id='word_1_228' title='bbox 987 3173 1103 3243; x_wconf 77' lang='lat' dir='ltr'><strong>possit]</strong></span> <span class='ocrx_word' id='word_1_229' title='bbox 1123 3188 1246 3243; x_wconf 74' lang='lat' dir='ltr'><strong>possam</strong></span> 
     </span>
    </p>
   </div>
   <div class='ocr_carea' id='block_1_7' title="bbox 206 3251 1245 3398">
    <p class='ocr_par' dir='ltr' id='par_1_9' title="bbox 206 3251 1245 3398">
     <span class='ocr_line' id='line_1_27' title="bbox 206 3251 1245 3331; baseline 0.002 -25"><span class='ocrx_word' id='word_1_230' title='bbox 206 3251 256 3324; x_wconf 76' lang='lat' dir='ltr'><strong>L&#39;g.</strong></span> <span class='ocrx_word' id='word_1_231' title='bbox 279 3254 386 3310; x_wconf 78' lang='lat' dir='ltr'><strong>deorr.</strong></span> <span class='ocrx_word' id='word_1_232' title='bbox 419 3259 538 3327; x_wconf 82' lang='lat' dir='ltr'><strong>possint</strong></span> <span class='ocrx_word' id='word_1_233' title='bbox 559 3256 601 3315; x_wconf 88' lang='grc'><strong>31.</strong></span> <span class='ocrx_word' id='word_1_234' title='bbox 626 3255 664 3310; x_wconf 87' lang='lat' dir='ltr'><strong>lta</strong></span> <span class='ocrx_word' id='word_1_235' title='bbox 686 3272 764 3321; x_wconf 59' lang='lat' dir='ltr'><strong>eurr„</strong></span> <span class='ocrx_word' id='word_1_236' title='bbox 782 3257 824 3309; x_wconf 89' lang='grc'><strong>34.</strong></span> <span class='ocrx_word' id='word_1_237' title='bbox 841 3286 872 3295; x_wconf 94' lang='grc'><strong>-</strong></span> <span class='ocrx_word' id='word_1_238' title='bbox 903 3254 1005 3331; x_wconf 85' lang='lat' dir='ltr'><strong>illudi]</strong></span> <span class='ocrx_word' id='word_1_239' title='bbox 1032 3255 1128 3312; x_wconf 83' lang='lat' dir='ltr'><strong>inludi</strong></span> <span class='ocrx_word' id='word_1_240' title='bbox 1149 3254 1199 3328; x_wconf 73' lang='lat' dir='ltr'><strong>ug.</strong></span> <span class='ocrx_word' id='word_1_241' title='bbox 1219 3252 1245 3308; x_wconf 84' lang='lat'><strong>5.</strong></span> 
     </span>
     <span class='ocr_line' id='line_1_28' title="bbox 206 3338 310 3398; baseline 0.01 -9"><span class='ocrx_word' id='word_1_242' title='bbox 206 3338 248 3391; x_wconf 86' lang='grc'><strong>76.</strong></span> <span class='ocrx_word' id='word_1_243' title='bbox 268 3338 310 3398; x_wconf 85' lang='grc'><strong>73.</strong></span> 
     </span>
    </p>
   </div>
   <div class='ocr_carea' id='block_1_8' title="bbox 294 3436 1398 3513">
    <p class='ocr_par' dir='ltr' id='par_1_10' title="bbox 294 3436 1398 3513">
     <span class='ocr_line' id='line_1_29' title="bbox 294 3436 1398 3513; baseline 0.002 -23"><span class='ocrx_word' id='word_1_244' title='bbox 294 3439 335 3498; x_wconf 94' lang='lat' dir='ltr'><strong>ll</strong></span> <span class='ocrx_word' id='word_1_245' title='bbox 370 3437 499 3506; x_wconf 81' lang='lat' dir='ltr'><strong>Antoni]</strong></span> <span class='ocrx_word' id='word_1_246' title='bbox 519 3439 615 3508; x_wconf 84' lang='lat' dir='ltr'><strong>scripsi</strong></span> <span class='ocrx_word' id='word_1_247' title='bbox 633 3439 781 3507; x_wconf 83' lang='lat' dir='ltr'><strong>secundum</strong></span> <span class='ocrx_word' id='word_1_248' title='bbox 797 3438 848 3509; x_wconf 79' lang='lat' dir='ltr'><strong>Lg.</strong></span> <span class='ocrx_word' id='word_1_249' title='bbox 866 3436 908 3493; x_wconf 89' lang='grc'><strong>65.</strong></span> <span class='ocrx_word' id='word_1_250' title='bbox 928 3437 970 3494; x_wconf 81' lang='grc'><strong>76.</strong></span> <span class='ocrx_word' id='word_1_251' title='bbox 990 3437 1031 3497; x_wconf 86' lang='grc'><strong>76.</strong></span> <span class='ocrx_word' id='word_1_252' title='bbox 1049 3438 1091 3494; x_wconf 91' lang='grc'><strong>36.</strong></span> <span class='ocrx_word' id='word_1_253' title='bbox 1109 3464 1145 3479; x_wconf 65' lang='grc'><strong>»-</strong></span> <span class='ocrx_word' id='word_1_254' title='bbox 1167 3453 1246 3496; x_wconf 80' lang='lat' dir='ltr'><strong>tum</strong></span> <span class='ocrx_word' id='word_1_255' title='bbox 1301 3436 1303 3439; x_wconf 69' lang='grc'><strong>’</strong></span> <span class='ocrx_word' id='word_1_256' title='bbox 1393 3504 1398 3513; x_wconf 21' lang='lat' dir='ltr'><em>q</em></span> 
     </span>
    </p>
   </div>
   <div class='ocr_carea' id='block_1_9' title="bbox 206 3521 1246 3681">
    <p class='ocr_par' dir='ltr' id='par_1_11' title="bbox 206 3521 1246 3681">
     <span class='ocr_line' id='line_1_30' title="bbox 206 3521 1246 3591; baseline 0.003 -19"><span class='ocrx_word' id='word_1_257' title='bbox 206 3522 277 3588; x_wconf 78' lang='lat' dir='ltr'><strong>mis]</strong></span> <span class='ocrx_word' id='word_1_258' title='bbox 295 3537 315 3572; x_wconf 92' lang='lat' dir='ltr'><strong>a</strong></span> <span class='ocrx_word' id='word_1_259' title='bbox 332 3526 457 3581; x_wconf 83' lang='lat' dir='ltr'><strong>summis</strong></span> <span class='ocrx_word' id='word_1_260' title='bbox 474 3521 553 3582; x_wconf 84' lang='lat' dir='ltr'><strong>lllon</strong></span> <span class='ocrx_word' id='word_1_261' title='bbox 571 3531 598 3576; x_wconf 87' lang='lat' dir='ltr'><strong>et</strong></span> <span class='ocrx_word' id='word_1_262' title='bbox 615 3523 649 3581; x_wconf 82' lang='lat' dir='ltr'><strong>al.</strong></span> <span class='ocrx_word' id='word_1_263' title='bbox 668 3522 764 3591; x_wconf 88' lang='lat' dir='ltr'><strong>quaed.</strong></span> <span class='ocrx_word' id='word_1_264' title='bbox 785 3522 901 3576; x_wconf 81' lang='lat' dir='ltr'><strong>edd.—-</strong></span> <span class='ocrx_word' id='word_1_265' title='bbox 928 3538 1015 3575; x_wconf 76' lang='lat' dir='ltr'><strong>assem</strong></span> <span class='ocrx_word' id='word_1_266' title='bbox 1033 3523 1143 3589; x_wconf 85' lang='lat' dir='ltr'><strong>autem]</strong></span> <span class='ocrx_word' id='word_1_267' title='bbox 1161 3538 1246 3579; x_wconf 84' lang='lat' dir='ltr'><strong>asam</strong></span> 
     </span>
     <span class='ocr_line' id='line_1_31' title="bbox 206 3590 1015 3681; baseline 0.001 -23"><span class='ocrx_word' id='word_1_268' title='bbox 206 3620 272 3658; x_wconf 86' lang='lat' dir='ltr'><strong>aera</strong></span> <span class='ocrx_word' id='word_1_269' title='bbox 290 3590 341 3676; x_wconf 79' lang='lat' dir='ltr'><strong>Lg.</strong></span> <span class='ocrx_word' id='word_1_270' title='bbox 362 3607 401 3659; x_wconf 82' lang='grc'><strong>14</strong></span> <span class='ocrx_word' id='word_1_271' title='bbox 423 3604 463 3658; x_wconf 89' lang='grc'><strong>15.</strong></span> <span class='ocrx_word' id='word_1_272' title='bbox 482 3605 525 3660; x_wconf 81' lang='grc'><strong>63.</strong></span> <span class='ocrx_word' id='word_1_273' title='bbox 543 3605 640 3658; x_wconf 51' lang='grc'><strong>63»,</strong></span> <span class='ocrx_word' id='word_1_274' title='bbox 664 3607 732 3675; x_wconf 73' lang='lat' dir='ltr'><strong>qino]</strong></span> <span class='ocrx_word' id='word_1_275' title='bbox 752 3606 830 3676; x_wconf 76' lang='lat' dir='ltr'><strong>qaod</strong></span> <span class='ocrx_word' id='word_1_276' title='bbox 845 3604 895 3681; x_wconf 77' lang='lat' dir='ltr'><strong>Lg</strong></span> <span class='ocrx_word' id='word_1_277' title='bbox 915 3604 953 3657; x_wconf 92' lang='grc'><strong>14.</strong></span> <span class='ocrx_word' id='word_1_278' title='bbox 972 3605 1015 3659; x_wconf 90' lang='grc'><strong>33.</strong></span> 
     </span>
    </p>
   </div>
   <div class='ocr_carea' id='block_1_10' title="bbox 206 3721 1253 4129">
    <p class='ocr_par' dir='ltr' id='par_1_12' title="bbox 206 3721 1253 4129">
     <span class='ocr_line' id='line_1_32' title="bbox 294 3721 1248 3794; baseline -0.001 -20"><span class='ocrx_word' id='word_1_279' title='bbox 294 3723 334 3775; x_wconf 89' lang='grc'><strong>13</strong></span> <span class='ocrx_word' id='word_1_280' title='bbox 366 3722 499 3794; x_wconf 82' lang='lat' dir='ltr'><strong>postero]</strong></span> <span class='ocrx_word' id='word_1_281' title='bbox 516 3728 670 3793; x_wconf 79' lang='lat' dir='ltr'><strong>postremo</strong></span> <span class='ocrx_word' id='word_1_282' title='bbox 696 3721 842 3794; x_wconf 53' lang='grc'><strong>11323-</strong></span> <span class='ocrx_word' id='word_1_283' title='bbox 872 3726 981 3778; x_wconf 86' lang='lat' dir='ltr'><strong>etiam</strong></span> <span class='ocrx_word' id='word_1_284' title='bbox 988 3724 1060 3790; x_wconf 85' lang='lat' dir='ltr'><strong>tam]</strong></span> <span class='ocrx_word' id='word_1_285' title='bbox 1086 3726 1248 3776; x_wconf 87' lang='lat' dir='ltr'><strong>etiamnum</strong></span> 
     </span>
     <span class='ocr_line' id='line_1_33' title="bbox 208 3782 1248 3878; baseline 0.001 -22"><span class='ocrx_word' id='word_1_286' title='bbox 208 3802 257 3875; x_wconf 82' lang='lat' dir='ltr'><strong>L.g</strong></span> <span class='ocrx_word' id='word_1_287' title='bbox 276 3804 371 3858; x_wconf 80' lang='lat' dir='ltr'><strong>ut.</strong></span> <span class='ocrx_word' id='word_1_288' title='bbox 401 3805 617 3874; x_wconf 76' lang='lat' dir='ltr'><strong>inambularet]</strong></span> <span class='ocrx_word' id='word_1_289' title='bbox 642 3804 809 3860; x_wconf 78' lang='lat' dir='ltr'><strong>ambularet</strong></span> <span class='ocrx_word' id='word_1_290' title='bbox 831 3782 881 3878; x_wconf 78' lang='lat' dir='ltr'><strong>Lg</strong></span> <span class='ocrx_word' id='word_1_291' title='bbox 900 3807 924 3863; x_wconf 98' lang='grc'><strong>5</strong></span> <span class='ocrx_word' id='word_1_292' title='bbox 944 3804 976 3858; x_wconf 91' lang='grc'><strong>31</strong></span> <span class='ocrx_word' id='word_1_293' title='bbox 995 3823 1065 3865; x_wconf 85' lang='lat' dir='ltr'><strong>corr</strong></span> <span class='ocrx_word' id='word_1_294' title='bbox 1102 3810 1167 3859; x_wconf 84' lang='lat' dir='ltr'><strong>iam</strong></span> <span class='ocrx_word' id='word_1_295' title='bbox 1183 3821 1248 3858; x_wconf 87' lang='lat' dir='ltr'><strong>am</strong></span> 
     </span>
     <span class='ocr_line' id='line_1_34' title="bbox 206 3885 1253 3962; baseline 0.001 -22"><span class='ocrx_word' id='word_1_296' title='bbox 206 3885 323 3943; x_wconf 74' lang='lat' dir='ltr'><strong>tutaret</strong></span> <span class='ocrx_word' id='word_1_297' title='bbox 338 3887 427 3943; x_wconf 83' lang='grc'><strong>63.·-.-</strong></span> <span class='ocrx_word' id='word_1_298' title='bbox 449 3893 480 3943; x_wconf 87' lang='lat' dir='ltr'><strong>in</strong></span> <span class='ocrx_word' id='word_1_299' title='bbox 487 3891 620 3960; x_wconf 77' lang='lat' dir='ltr'><strong>portien]</strong></span> <span class='ocrx_word' id='word_1_300' title='bbox 640 3894 672 3944; x_wconf 91' lang='lat' dir='ltr'><strong>in</strong></span> <span class='ocrx_word' id='word_1_301' title='bbox 683 3895 820 3962; x_wconf 79' lang='lat' dir='ltr'><strong>porticus</strong></span> <span class='ocrx_word' id='word_1_302' title='bbox 838 3890 889 3948; x_wconf 87' lang='lat' dir='ltr'><strong>Gu</strong></span> <span class='ocrx_word' id='word_1_303' title='bbox 900 3889 925 3947; x_wconf 87' lang='grc'><strong>3.</strong></span> <span class='ocrx_word' id='word_1_304' title='bbox 940 3893 1127 3962; x_wconf 81' lang='lat' dir='ltr'><strong>(impartiens</strong></span> <span class='ocrx_word' id='word_1_305' title='bbox 1145 3888 1196 3941; x_wconf 88' lang='lat' dir='ltr'><strong>Gn</strong></span> <span class='ocrx_word' id='word_1_306' title='bbox 1211 3887 1253 3953; x_wconf 89' lang='grc'><strong>1.),</strong></span> 
     </span>
     <span class='ocr_line' id='line_1_35' title="bbox 206 3969 1249 4046; baseline 0.001 -21"><span class='ocrx_word' id='word_1_307' title='bbox 206 3969 256 4043; x_wconf 71' lang='lat' dir='ltr'><strong>ug</strong></span> <span class='ocrx_word' id='word_1_308' title='bbox 276 3974 302 4028; x_wconf 89' lang='lat'><strong>3.</strong></span> <span class='ocrx_word' id='word_1_309' title='bbox 321 3973 345 4028; x_wconf 98' lang='grc'><strong>5</strong></span> <span class='ocrx_word' id='word_1_310' title='bbox 366 3972 406 4026; x_wconf 87' lang='grc'><strong>17.</strong></span> <span class='ocrx_word' id='word_1_311' title='bbox 423 3971 467 4024; x_wconf 90' lang='grc'><strong>35.</strong></span> <span class='ocrx_word' id='word_1_312' title='bbox 485 3971 529 4025; x_wconf 89' lang='grc'><strong>65.</strong></span> <span class='ocrx_word' id='word_1_313' title='bbox 546 3972 589 4026; x_wconf 92' lang='grc'><strong>34.</strong></span> <span class='ocrx_word' id='word_1_314' title='bbox 615 3975 684 4028; x_wconf 88' lang='lat' dir='ltr'><strong>Vlot.</strong></span> <span class='ocrx_word' id='word_1_315' title='bbox 718 3978 845 4046; x_wconf 75' lang='lat' dir='ltr'><strong>ponticis</strong></span> <span class='ocrx_word' id='word_1_316' title='bbox 867 3975 899 4029; x_wconf 91' lang='grc'><strong>31</strong></span> <span class='ocrx_word' id='word_1_317' title='bbox 919 3991 990 4033; x_wconf 83' lang='lat' dir='ltr'><strong>corr.</strong></span> <span class='ocrx_word' id='word_1_318' title='bbox 1015 3981 1044 4029; x_wconf 89' lang='lat' dir='ltr'><strong>ut</strong></span> <span class='ocrx_word' id='word_1_319' title='bbox 1066 3974 1091 4030; x_wconf 89' lang='grc'><strong>3.</strong></span> <span class='ocrx_word' id='word_1_320' title='bbox 1115 3973 1153 4029; x_wconf 82' lang='lat' dir='ltr'><strong>tta</strong></span> <span class='ocrx_word' id='word_1_321' title='bbox 1177 3986 1249 4027; x_wconf 77' lang='lat' dir='ltr'><strong>corr.</strong></span> 
     </span>
     <span class='ocr_line' id='line_1_36' title="bbox 206 4055 869 4129; baseline 0.006 -20"><span class='ocrx_word' id='word_1_322' title='bbox 206 4055 249 4109; x_wconf 89' lang='grc'><strong>31.</strong></span> <span class='ocrx_word' id='word_1_323' title='bbox 266 4081 303 4101; x_wconf 52' lang='lat'><strong>*-</strong></span> <span class='ocrx_word' id='word_1_324' title='bbox 327 4056 502 4129; x_wconf 76' lang='lat' dir='ltr'><strong>commotas]</strong></span> <span class='ocrx_word' id='word_1_325' title='bbox 523 4064 675 4114; x_wconf 82' lang='lat' dir='ltr'><strong>contactas</strong></span> <span class='ocrx_word' id='word_1_326' title='bbox 695 4056 745 4126; x_wconf 85' lang='lat' dir='ltr'><strong>Lg</strong></span> <span class='ocrx_word' id='word_1_327' title='bbox 766 4057 807 4113; x_wconf 88' lang='grc'><strong>14.</strong></span> <span class='ocrx_word' id='word_1_328' title='bbox 826 4056 869 4115; x_wconf 87' lang='grc'><strong>63.</strong></span> 
     </span>
    </p>
   </div>
   <div class='ocr_carea' id='block_1_11' title="bbox 0 0 1490 4584">
    <p class='ocr_par' dir='ltr' id='par_1_13' title="bbox 0 0 1490 4584">
     <span class='ocr_line' id='line_1_37' title="bbox 0 0 1490 4584; baseline 0 0"><span class='ocrx_word' id='word_1_329' title='bbox 0 0 1490 4584; x_wconf 95' lang='lat' dir='ltr'><strong> </strong></span> 
     </span>
    </p>
   </div>
  </div>
 </body>
</html>
