2942 4608
266 318 366 390 404
665 316 921 387 CICERONIS

266 490 336 555 sine
366 486 534 565 varietate,
566 461 838 573 manasedais
871 489 913 555 sit
943 487 1104 555 eoloribut
1135 490 1222 576 picta
1255 492 1331 571 [vel

265 608 374 693 poe'sis
402 604 454 672 rel
480 607 608 684 oratio]‚
636 624 699 671 non
724 625 819 692 posse
845 606 880 671 in
904 605 1115 672 delectatione
1143 627 1216 672 esse
1246 609 1330 674 diu-

265 735 367 789 turna.
409 721 512 808 Atque
544 724 927 790 commaneremus
959 732 1013 788 aut
1043 726 1076 787 in
1102 733 1215 810 poetae
1245 728 1325 792 cin-

267 843 369 907 cinnis
392 860 430 905 ac
451 839 524 905 fuco
546 838 720 920 offenditur,
743 840 825 925 quod
846 859 958 906 sensus
980 814 1133 906 innimia
1153 842 1322 929 uoluptate

266 968 393 1035 natura,
418 976 483 1021 non
507 965 609 1022 mente
632 958 799 1034 satiantur,
826 959 1006 1044 inscriptis
1028 968 1059 1024 et
1080 962 1114 1022 in
1136 958 1227 1025 dictis
1249 981 1324 1026 non

268 1076 388 1140 aurium
415 1064 530 1150 solum,
562 1075 619 1139 sed
652 1075 748 1139 animi
773 1074 891 1140 iudicio
922 1076 1027 1140 etiam,
1043 1079 1147 1159 magis
1173 1076 1322 1143 infucata

267 1194 346 1258 vitia
365 1199 545 1257 noscuntur.
1122 1174 1131 1189 ’

352 1306 470 1374 XXVI.
503 1307 575 1372 101.
599 1305 704 1385 Quare
727 1310 800 1372 bene
821 1317 852 1372 et
871 1310 1034 1389 praeclare
1056 1311 1199 1394 momnis
1218 1310 1317 1377 nobis

199 1403 207 1416 ”
268 1447 364 1514 saepe
388 1426 523 1503 dicatum
545 1412 618 1488 title
638 1432 669 1488 et
689 1426 798 1506 festiue
818 1427 946 1489 nimium
968 1445 1063 1511 saepe
1084 1426 1169 1507 nolu
1204 1426 1317 1507 Quan-

268 1564 362 1631 quam
382 1543 440 1608 ilia
461 1543 533 1627 ipsa
553 1541 756 1619 exclamatio,
783 1542 856 1608 Nou
872 1553 977 1624 potest
1003 1545 1129 1618 meiius,
1157 1546 1198 1609 sit
1218 1547 1317 1611 velim

268 1661 398 1741 crebra3
427 1659 484 1724 sed
510 1658 626 1724 haheat
651 1668 756 1725 tamen
781 1659 840 1724 illa
865 1661 898 1724 in
924 1659 1057 1725 dicendo
1080 1659 1245 1727 admiratio
1273 1683 1315 1729 ac

268 1798 390 1860 summa
410 1766 481 1843 laus
504 1776 645 1842 umbram
664 1776 801 1861 aliquam
824 1785 855 1841 et
872 1796 1041 1854 recessum,
1064 1796 1125 1862 quo
1146 1781 1249 1863 magis
1270 1780 1316 1856 id,

270 1896 352 1982 quod
383 1898 441 1961 erit
467 1894 688 1969 illuminatum,
721 1904 845 1959 exstare
873 1903 965 1978 atque
996 1895 1133 1960 eminere
1159 1897 1314 1961 rideatur.

261 1984 342 2078 ‘loa
368 2009 533 2096 Nunquam
561 2012 627 2094 agit
647 2009 729 2076 hunc
752 2011 875 2077 versum
896 2008 1031 2077 Roscius
1058 2030 1097 2076 eo
1118 2022 1225 2095 gestu,
1252 2033 1314 2098 quo

269 2138 390 2215 potest:
1240 2100 1251 2121 l

310 2244 394 2312 Nutu
419 2245 545 2327 sopitus
571 2245 685 2309 uirtuti
710 2219 861 2307 honorem
882 2247 1076 2325 proemium,
1109 2247 1195 2310 haud
1216 2266 1313 2328 prur-

853 2345 927 2408 dcui
947 2346 1040 2426 petia·

269 2480 329 2547 sed
349 2479 447 2545 abicit
466 2467 609 2563 quorsus,
633 2485 664 2541 ut
685 2477 719 2541 in
739 2479 917 2562 proximos:

311 2597 434 2679 Ecquid
455 2595 573 2660 video?
595 2594 683 2674 ferro
705 2604 832 2675 sceptus
850 2594 989 2675 possidet
1011 2595 1092 2657 sedis
1115 2613 1239 2670 socrus,

271 2846 371 2915 oratic
394 2840 713 2910 suspecta'videbnntur.
749 2835 871 2906 „Cicero
892 2840 963 2893 enirn
981 2839 1019 2893 sic
1037 2824 1253 2915 argumentatur:
1280 2843 1310 2896 Si

269 2945 305 2981 ue
330 2930 430 2996 poetae
454 2926 578 2993 quidem,
608 2943 626 2978 a
651 2925 748 2995 quibus
772 2923 862 2976 omnia
890 2924 925 2976 ad
950 2924 1119 2994 voluptatem
1148 2927 1311 2994 referuntur,

269 3010 404 3063 fastidium
424 3008 569 3079 effugiunt,
594 3011 618 3062 si
640 3010 699 3062 sine
715 3010 851 3062 varietate
874 3016 901 3061 et
917 3009 1118 3063 intermissione
1140 3012 1234 3065 dulces
1251 3030 1311 3066 esse

268 3093 371 3159 velint,
395 3093 479 3146 multo
498 3094 586 3148 minus
603 3095 656 3146 ista
674 3101 809 3163 perpetua
824 3091 957 3145 festivitas
975 3102 1002 3146 et
1019 3094 1186 3150 concinnitas
1206 3097 1233 3150 in
1252 3115 1310 3150 ora·

269 3177 373 3230 toribus
389 3176 533 3233 ³ieretur.“
567 3175 701 3230 Schuetz.
737 3177 839 3240 Recte3
865 3193 883 3228 a
907 3177 998 3246 podiis
1022 3189 1209 3248 argumentum
1232 3182 1311 3234 sumit

269 3262 305 3316 de
320 3262 484 3329 oratoribus,
502 3279 556 3315 non
573 3263 751 3315 communiter
768 3268 972 3331 argumentatur
987 3262 1022 3315 de
1037 3263 1167 3333 utrisque.
1185 3264 1237 3319 ‚De
1250 3265 1311 3330 iliis,

269 3365 340 3418 quae
357 3354 521 3416 sequuntur,
547 3348 628 3400 etiam
650 3347 678 3399 id
698 3345 923 3400 considerandum
945 3354 1000 3411 est,
1026 3346 1101 3416 quod
1122 3357 1198 3401 recte
1221 3358 1311 3401 mouet

268 3428 370 3498 tiene,
398 3431 497 3483 Latine
526 3435 703 3485 concinnam
731 3436 759 3483 et
785 3429 928 3498 festiuum
948 3435 1058 3502 poesin
1084 3447 1140 3485 uon
1166 3432 1235 3498 dici,
1262 3432 1311 3485 sed

263 3521 382 3590 poema.
395 3546 426 3555 —
445 3507 684 3588 reprehensione]
696 3517 896 3586 respiratione
907 3513 1002 3569 Lamb.
1019 3518 1046 3569 νζ
1061 3516 1312 3585 explicationes.—

84 3572 95 3586 ‘
207 3664 209 3669 ,
268 3605 322 3653 aut
344 3603 377 3652 u
394 3601 570 3671 ponta-eru
594 3618 647 3656 om.
663 3600 719 3671 ng.
741 3599 781 3690 ¹5:
807 3597 849 3654 21.
868 3599 910 3653 et.
936 3598 977 3652 or.
995 3595 1100 3655 rojsn.
1119 3598 1163 3655 oo.
1191 3617 1218 3655 v.
1239 3601 1274 3654 aa
1291 3598 1312 3658 t.

267 3684 301 3752 o,
319 3684 366 3740 ao:

353 3784 456 3839 xxm.
493 3784 549 3839 101.
587 3784 668 3853 uene]
690 3740 807 3841 eccene
824 3783 874 3856 ng.
894 3784 936 3840 ro.
955 3812 991 3825 -
1018 3784 1098 3852 noro]
1115 3785 1181 3839 voro
1201 3784 1251 3856 ng.
1269 3763 1319 3838 oo?

266 3870 299 3925 81
320 3888 389 3926 corr.
416 3870 527 3924 011121.
546 3869 587 3924 76.
625 3870 728 3924 Contra
741 3888 796 3940 pro
813 3870 900 3923 uelim
918 3869 946 3923 in
966 3869 1006 3925 lt.
1025 3869 1068 3925 23.
1087 3869 1129 3924 67.
1148 3869 1191 3924 69.
1210 3869 1253 3923 93.
1273 3877 1314 3922 est

266 3955 375 4019 uoltus,
395 3952 488 4025 itaque
506 3970 577 4008 corr.
595 3954 621 4006 5.
639 3982 675 3994 -
700 3953 749 4021 et]
768 3969 820 4008 om.
840 3952 890 4024 bg.
910 3952 951 4009 73.
970 3980 1006 3995 -
1029 3955 1161 4022 exstare]
1180 3958 1313 4008 eaeteare

268 4039 320 4094 Gu.
341 4038 365 4093 1.

355 4137 413 4211 102.
450 4136 622 4204 11610111ρί0
644 4137 696 4192 Gu.
716 4136 739 4192 1.
765 4136 834 4191 vict.
859 4135 910 4207 Lg.
928 4136 953 4192 5.
971 4137 998 4192 6.
1024 4137 1063 4193 lt.
1086 4136 1312 4194 16177671.
