2968 4596
502 369 515 384 „
562 296 847 419 rnnnrarro.
1181 372 1226 421 xv

180 525 323 618 scriptus
358 533 394 594 ot
429 520 601 617 diligenter
639 547 657 593 a
693 523 837 595 fortuitis
872 518 995 594 librarii
1029 523 1119 596 vitiis
1152 546 1227 619 pur·

180 690 280 772 gatus
309 688 399 746 est.-

284 824 367 897 Corl.
407 825 469 896 36.
515 824 730 896 bibliothecae
764 823 1005 896 Laurentianae
1045 825 1145 918 plutei
1178 824 1222 897 L.

178 1004 234 1050 nr.
260 979 324 1051 34.
353 979 472 1049 dormaa
498 990 647 1071 quartae,
675 999 770 1073 quarn
793 976 918 1065 dicunt,
946 973 1226 1067 membranaceus,

57 1111 69 1142 ²
179 1130 273 1200 initio
301 1128 405 1200 seculi
431 1127 515 1202 XV.
548 1129 688 1221 scriptus
716 1128 907 1221 eleganter,
942 1127 1002 1200 sed
1028 1150 1101 1199 euno
1125 1129 1225 1199 variis

182 1279 394 1379 compendiis.
448 1278 527 1353 Fuit
552 1276 689 1352 Cosmae
713 1278 844 1353 loannis
871 1278 910 1350 de
936 1276 1087 1350 Medicis.

287 1430 327 1502 Hi
354 1453 428 1502 curn
456 1432 661 1502 consentiunt
695 1443 752 1503 aut
776 1452 860 1503 unus
888 1443 922 1501 et
948 1430 1031 1501 alter
1055 1429 1227 1505 manifesto

183 1605 297 1655 veram
341 1585 533 1677 scripturam
572 1595 706 1674 tuetur,
757 1581 882 1674 potiore
926 1582 1045 1653 ceteris
1080 1581 1226 1655 omnibus

187 1734 379 1804 auctoritate
400 1747 506 1824 -sunt3
533 1734 642 1805 solent
666 1745 774 1804 autem
795 1731 982 1826 conspirare
1008 1755 1080 1839 cunt
1102 1732 1228 1806 Peareii

185 1883 275 1956 libris
303 1883 345 1958 U.
374 1899 407 1957 et
432 1883 475 1957 Z.
514 1898 547 1957 et
574 1882 862 1980 Guelpberbytano
894 1883 1012 1973 tertio,
1048 1884 1125 1959 item
1155 1907 1227 1959 cuno

183 2035 339 2109 Palatinis
359 2035 482 2108 duobus
500 2036 679 2130 prioribus,
704 2036 767 2107 etsi
784 2034 898 2108 horum
920 2035 1082 2131 scriptura
1100 2037 1227 2110 minime

183 2203 336 2260 accurate
361 2190 520 2260 noscitur.

290 2337 428 2410 Codices
454 2338 734 2432 Lagomarsiniani
761 2336 899 2433 reliqui,
937 2336 1099 2431 prioribus
1129 2337 1226 2433 longe

190 2485 406 2579 posthabendi
440 2500 571 2558 etcum
594 2488 726 2582 vulgata
752 2489 913 2582 scriptura
939 2487 1104 2582 plerisque
1130 2487 1251 2577 locis,'

187 2638 253 2710 nisi
271 2637 406 2732 graniers
427 2638 522 2709 etiam
542 2642 680 2735 corrupti
701 2653 792 2729 sunt,
817 2593 1057 2731 conspirantes,
1085 2635 1118 2706 hi
1138 2649 1227 2707 sunt.

292 2786 374 2860 Cod.
404 2790 441 2861 3.
468 2766 700 2863 Riccardianus
725 2815 759 2861 n.
786 2789 875 2861 507.

289 2937 372 3012 Cod.
399 2942 436 3012 5.
474 2942 549 3013 olim
578 2939 617 3014 S.
655 2939 771 3013 Crucis
798 2966 841 3013 n.
869 2938 982 3033 6482,
1023 2963 1108 3012 nuno
1141 2939 1228 3012 Lau·

185 3093 354 3163 rentianus
396 3095 477 3186 plut.
506 3091 639 3164 XXIII.
684 3092 820 3165 codd.
864 3091 939 3163 olim
970 3088 1155 3163 Sebastiani
1189 3090 1228 3162 de

185 3242 348 3314 Bucellis.
407 3212 410 3219 Ι
1256 3237 1258 3242 ⁴

291 3390 374 3464 Cod.
402 3394 439 3464 6.
478 3393 554 3464 olim
587 3382 772 3467 seruus
806 3418 840 3464 n.
874 3393 988 3484 646,
1029 3414 1114 3463 nune
1140 3390 1228 3463 Lau·

183 3546 354 3616 rentianus
378 3506 464 3637 plut.
488 3543 623 3617 XXIII.
654 3544 728 3616 cod.
753 3545 788 3616 8.

290 3693 378 3765 Cod.
398 3696 461 3764 44.
493 3695 568 3767 olim
590 3696 632 3768 D.
654 3696 778 3791 Marci,
805 3717 890 3768 nunc
905 3690 1230 3790 Magliabeccbianus

183 3870 221 3917 n.
249 3846 341 3917 260.
370 3846 563 3938 provisorio.
1230 3920 1237 3925 ,

290 3993 374 4066 cor.
401 3996 461 4066 15.
490 3974 566 4068 ona
587 3995 631 4069 n.
654 3954 785 4089 nia
802 4016 888 4067 nunc
910 3987 1230 4087 nagrruecctanus

182 4171 239 4219 nr.
268 4145 359 4219 274.
388 4147 513 4238 proris.
