2980 4602
410 296 468 363 DE
496 296 724 367 ORATORE
750 295 993 366 1111116131.
1161 300 1227 374 ΟΙ

178 467 308 534 nonnae
325 445 709 551 ngenontnanorque
725 466 857 534 eduma
872 466 1009 562 tignum,
1025 483 1089 533 non
1102 466 1228 552 sagano

178 604 232 651 mo
255 585 476 648 ista-omnium
490 585 668 651 wmmunia
688 594 719 649 at
732 585 866 650 contrita
878 593 1047 669 praecepta
1061 583 1228 650 didicisset

180 699 257 765 136.
281 701 413 785 primum
435 702 571 766 oratoris
594 699 729 765 officium
751 719 824 764 essa
846 699 950 764 dicore
973 698 1014 764 ad
1034 700 1227 786 persuaden-

179 816 256 881 dum
274 815 524 892 accommodate;
547 816 659 880 deindo
681 835 754 881 osso
776 835 898 881 omnam
919 818 1092 882 orationem
1113 828 1166 882 ant
1186 817 1228 885 do

173 930 320 997 infinitae
348 932 396 996 rai
414 933 607 1014 quaestione
634 933 703 996 sina
728 931 947 1015 designatione
967 951 1171 1017 personarum
1197 943 1228 1000 ot

178 1058 353 1133 temporam
384 1056 437 1112 aut
469 1047 507 1112 do
540 1067 574 1112 ro
604 1050 698 1113 cortis
730 1050 762 1112 in
789 1049 934 1134 personis
968 1066 1007 1112 ao
1036 1050 1226 1135 temporibus

181 1163 298 1229 locata.
349 1162 421 1227 136.
454 1161 490 1227 In
516 1173 645 1247 utraque
677 1173 780 1228 autem
805 1183 840 1228 ro
869 1164 1017 1247 quioquid
1045 1164 1078 1228 in
1104 1176 1228 1234 conno-

182 1281 322 1344 vorsiam
342 1280 458 1356 veniat,
481 1281 515 1343 in
536 1299 575 1344 eo
596 1282 707 1363 quaeri
728 1279 832 1345 soleio
855 1289 907 1344 aut
924 1280 1081 1346 factumne
1103 1284 1144 1347 sit
1165 1293 1227 1362 aut,

183 1399 212 1460 si
239 1405 287 1460 ast
312 1395 443 1477 factam,
472 1395 565 1478 quale
594 1398 635 1460 sit
660 1405 714 1461 aut
741 1398 835 1460 otiam
862 1414 923 1479 qno
949 1398 1074 1462 nomino
1098 1410 1229 1466 vocetur

182 1521 245 1588 aut,
267 1512 351 1594 quod
371 1531 436 1575 non
456 1510 535 1591 anili
557 1511 828 1587 addnnt‚.raotena
849 1511 966 1576 iactum
987 1531 1060 1578 esso
1073 1515 1226 1582 videatns.

182 1625 257 1692 146.
278 1624 438 1692 Exsistene
461 1638 564 1693 antam
582 1626 815 1693 controversias
833 1628 927 1692 etiam
948 1647 987 1692 ax
1009 1631 1116 1715 scripti
1131 1632 1227 1698 inton-
1315 1640 1320 1647 “

183 1745 369 1828 pretatione,
401 1745 436 1808 in
466 1762 528 1826 quo
562 1753 615 1808 aut
632 1742 791 1828 sambigne
824 1744 898 1826 quid
928 1746 969 1808 sit
1000 1744 1147 1831 scriptam
1176 1758 1228 1814 aat

179 1862 339 1927 contrarie
362 1862 494 1936 autito,
520 1869 554 1943 ut
582 1878 603 1923 a
624 1861 781 1925 sententia
801 1861 947 1945 scriptam
969 1859 1147 1939 dissentiam
1177 1862 1228 1930 his

184 1987 286 2054 autom
308 1975 450 2041 omnihus
471 1976 611 2061 partibus
629 1975 772 2041 subiecta
787 1976 940 2060 quaedam
956 1996 1029 2042 ossa
1045 1989 1229 2062 argumenta

182 2095 318 2178 propria.
377 2091 449 2156 141.
488 2089 555 2156 Sed
588 2110 771 2170 causamn,
811 2112 891 2175 quaa
925 2096 987 2159 sint
1020 2113 1041 2159 a
1073 2100 1228 2163 communi

184 2210 371 2291 quaestions
396 2209 573 2284 seiunctae,
600 2211 712 2294 partim
738 2210 772 2273 in
798 2210 923 2276 iudiciis
949 2213 1086 2291 versari,
1115 2215 1228 2299 partim

183 2326 217 2412 in
243 2323 540 2402 deliberationibus3
574 2343 646 2389 esso
672 2344 772 2409 ganas
800 2330 895 2391 otiam
921 2329 1058 2405 tortium,
1086 2329 1168 2411 quod
1194 2332 1228 2394 in

184 2438 357 2502 laudandis
380 2447 431 2501 aut
442 2440 651 2524 vituperandis
669 2439 846 2506 hominibus
860 2453 1040 2528 poneratnr3
1063 2453 1227 2527 centosque

187 2572 262 2618 esse
284 2551 384 2630 loooS,
403 2553 515 2637 ⁴quibus
530 2557 562 2621 in
578 2555 704 2622 iudiciis
721 2566 885 2634 uteremur,
908 2556 1068 2640 inquibus
1084 2560 1229 2641 aequitas

273 2752 333 2808 136.
370 2751 468 2809 atcere
489 2753 531 2808 od
543 2755 701 2826 permod]
727 2755 782 2810 inv.
804 2755 854 2826 ις.
876 2756 907 2811 11
930 2772 1000 2810 corr.
1018 2785 1053 2796 -
1081 2755 1228 2827 infinitae]

185 2837 305 2906 infinita
322 2838 393 2892 Viot.
412 2837 463 2892 Gn.
482 2838 500 2890 1
526 2865 562 2887 -π
585 2847 615 2894 et
632 2842 812 2912 temporum]
832 2847 885 2893 aad
903 2847 1072 2912 temporum
1088 2842 1138 2913 Lg.
1158 2843 1182 2898 3.
1198 2843 1226 2899 5.
1302 2840 1309 2844 ’

185 2921 210 2976 6.
231 2924 271 2976 14.
292 2922 392 2977 15.17.
415 2921 581 2979 161113,
602 2925 637 2977 14
655 2940 726 2979 corr.
748 2926 790 2981 31.
809 2926 851 2979 35.
875 2924 917 2979 65.
939 2924 981 2980 67.
998 2925 1041 2981 66.
1061 2926 1113 2982 too
1122 2926 1164 2982 61.
1183 2928 1226 2984 84.

185 3004 228 3061 63.
248 3005 300 3059 Gn.
314 3005 339 3061 1.
356 3033 393 3048 ——·
420 3023 457 3059 ao
473 3007 668 3078 temporibus]
687 3015 718 3062 et
736 3016 825 3081 temp.
846 3009 897 3080 Lg.
913 3008 955 3065 61.
991 3017 1044 3064 aot
1061 3011 1103 3066 64.

271 3089 330 3145 166.
364 3089 516 3159 quioquid]
531 3090 631 3163 sich.
644 3110 748 3159 omnes,
761 3093 831 3148 vict.
843 3122 879 3136 -
894 3093 1058 3163 factumne]
1076 3094 1229 3164 factumve

184 3173 234 3244 Lg.
248 3174 274 3227 6.
301 3173 528 3249 faotumoeooit
539 3175 580 3244 (p.
590 3174 744 3244 factumne
756 3179 818 3244 stt).
834 3208 869 3218 -
891 3195 950 3232 non
965 3179 1049 3246 uadit]
1069 3179 1108 3232 sic
1121 3178 1228 3233 divisim

173 3256 235 3327 dig.
252 3257 295 3312 67.
315 3257 358 3311 76.
374 3255 416 3311 84.
434 3256 478 3311 66.
497 3286 533 3320 -,-
564 3262 726 3328 rectamne]
749 3260 856 3316 divisim
878 3260 929 3332 Lg.
949 3264 989 3317 14.
1007 3262 1050 3318 63.
1068 3262 1111 3317 66.
1130 3261 1174 3316 63.
1192 3288 1227 3301 -

184 3358 247 3396 esse
260 3340 412 3407 videatur]
434 3340 490 3395 in'v.
509 3340 581 3397 Vtut.
679 3346 682 3353 ’
1156 3396 1159 3401 .

271 3423 330 3478 146.
366 3426 521 3493 exsistere]
540 3431 668 3481 existere
685 3428 735 3501 Lg.
748 3438 860 3500 praetor
873 3431 898 3486 3.
910 3429 935 3484 5.
949 3430 989 3485 ta.
1000 3430 1059 3495 14.;
1078 3429 1122 3482 hic
1138 3439 1228 3483 autom

184 3513 316 3572 asistere,
333 3524 429 3562 manus
443 3509 673 3566 novistimis-
689 3517 783 3568 ettam
799 3533 842 3569 aaa
854 3517 972 3587 scripit]
990 3516 1046 3571 idv.
1063 3513 1115 3584 Lg.
1129 3515 1227 3569 deors.

183 3593 226 3648 67.
260 3600 335 3663 etp.
354 3597 447 3647 ettam
466 3593 506 3648 lo.
526 3595 639 3650 σαι-16.
658 3596 701 3652 13.
725 3626 761 3640 ·-
790 3602 835 3652 tta
854 3600 899 3666 ut]
923 3603 968 3651 ita
988 3605 1042 3652 aot
1065 3597 1116 3669 Lg.
1133 3597 1176 3650 34.
1192 3604 1229 3639 -’-

184 3694 205 3730 a
220 3677 381 3743 sententia]
399 3694 418 3729 a
436 3674 488 3734 oni.
507 3678 557 3751 ng.
579 3679 619 3735 15.
637 3679 672 3733 66
690 3681 751 3735 add.
768 3710 805 3726 ν-
830 3684 985 3754 scriptam]
1007 3685 1159 3754 amyotum
1176 3677 1227 3751 Lg.

185 3777 280 3814 omnes
303 3777 345 3831 pr.
368 3760 411 3816 64
434 3760 478 3817 65.
500 3791 537 3806 ν-
571 3764 740 3834 dissentiat]
765 3767 805 3820 sio
826 3766 877 3837 Lg.
895 3783 1004 3833 omnes,
1023 3786 1049 3818 α.
1069 3773 1094 3832 β.
1113 3785 1141 3834 γ.
1159 3765 1185 3818 3.
1205 3781 1235 3818 ε.
1318 3780 1323 3802 t

184 3844 235 3899 Ga.
253 3845 324 3912 1.1.,
342 3846 454 3899 omnino
471 3855 600 3901 accurate
618 3847 709 3902 collati
725 3866 827 3904 omnes.
862 3849 1009 3922 vulgatum
1025 3848 1175 3903 dissideat
1192 3863 1229 3901 ax

184 3925 248 3983 aidi
262 3928 436 3984 correctione
445 3928 561 3986 fluxisse
571 3930 689 3988 videtur.
702 3962 738 3975 -
755 3917 886 3988 subiecta
899 3963 929 3975 -
940 3938 1000 3988 sint
1016 3935 1041 4001 §.
1053 3933 1111 3986 141.
1123 3948 1176 3986 om.
1186 3931 1226 3986 15.

273 4011 330 4067 141.
367 4017 532 4083 commoni]
556 4021 695 4071 conmuni
710 4017 761 4089 Lg.
779 4016 821 4072 14.
844 4046 880 4059 --
893 4046 896 4049 ·
911 4017 1072 4083 seiunctae]
1094 4020 1229 4070 seiuncta

187 4093 234 4165 Lg.
247 4095 290 4152 16.
306 4097 349 4152 35.
364 4096 407 4156 64.
444 4096 496 4154 Hic
514 4099 542 4154 in
558 4097 600 4157 63.
622 4100 731 4156 additor
747 4102 953 4174 interpolatoris
970 4103 1109 4155 inventum
1124 4102 1229 4154 θέσεως
