2942 4608
213 301 220 315 “
281 335 391 426 ¹asa
688 326 945 396 nicanorus

291 510 350 567 tor.
392 496 473 564 Nam
500 517 601 584 neque
631 498 699 564 sine
726 497 905 565 forensibus
930 497 1038 562 uernis
1065 496 1144 561 satis
1169 495 1357 571 uehemens

292 627 326 683 et
351 617 459 701 gravis
490 635 549 681 nac
580 618 649 681 sine
679 619 832 681 uarietate
866 615 1026 680 doctrinae
1058 615 1138 678 satis
1165 614 1282 700 politus
1316 623 1357 678 et

293 736 420 820 sapiens
449 752 521 798 esse
548 743 656 799 orator
680 742 791 820 potest.
846 731 898 798 sl.
933 728 1038 809 Quare
1066 729 1219 796 Coracem
1246 716 1358 813 istum

200 938 204 939 γ
292 860 428 918 restrum
454 854 609 943 patiamur
637 870 697 916 uos
724 849 848 935 quidem
874 848 978 935 pullos
1006 867 1081 913 suos
1111 847 1278 913 excludere
1306 850 1357 911 im
1426 902 1432 917 .

271 954 384 1045 nido,
417 968 470 1052 qui
496 966 621 1032 evolent
651 966 840 1032 clamatores
869 966 973 1031 odiosi
1008 984 1046 1030 ao
1074 948 1213 1041 molesti,
1245 957 1354 1029 Pam·
1390 1028 1394 1035 ,

277 1083 470 1171 philumq'ue
499 1086 609 1149 nescio
641 1103 731 1168 pem
758 1085 897 1172 sinamus
930 1083 963 1146 in
990 1082 1098 1147 insulis
1128 1092 1247 1147 tantam
1274 1100 1354 1146 rem

293 1211 441 1287 tanquam
461 1200 592 1287 puerilis
619 1200 752 1266 delicias
775 1200 899 1285 aliquas
922 1200 1109 1285 depingere3
1135 1218 1256 1283 uosque
1278 1200 1352 1284 ipsi

293 1318 354 1384 hac
386 1328 451 1383 tam
482 1319 598 1402 exigua
630 1318 837 1402 disputatione
868 1315 1008 1381 hesterni
1039 1327 1071 1381 et
1099 1315 1244 1381 hodierni
1277 1314 1351 1380 diei

293 1445 390 1513 totum
406 1436 542 1500 oratoris
564 1403 676 1503 munus
692 1434 892 1520 mpliuamus,
915 1433 1079 1499 dummodo
1102 1432 1160 1497 ilia
1179 1452 1231 1497 res
1252 1442 1350 1498 tanta

294 1553 350 1627 sit,
377 1561 410 1617 ut
431 1550 574 1617 omnibus
596 1550 851 1637 philosophorum
871 1550 978 1628 libris,
1006 1570 1084 1635 quos
1106 1569 1198 1615 nemo
1223 1554 1348 1629 [orato-

201 1754 204 1759 ‚
294 1672 373 1749 rum]
396 1671 527 1734 istorum
548 1688 684 1753 unquam
707 1653 823 1752 attigit}
845 1650 1071 1755 epmpreipeusa
1093 1685 1165 1732 esse
1187 1668 1346 1733 videatur.

336 1840 343 1847 ,
378 1783 483 1850 xxii.
514 1764 577 1851 es!
599 1783 681 1851 ruu
703 1784 845 1861 catulus,
873 1782 1120 1870 Haudquaquam
1142 1782 1264 1858 serore,
1293 1786 1346 1848 ru.

296 1906 375 1990 quit,
403 1901 535 1980 Crasse,
568 1902 742 1967 mirandum
770 1912 817 1966 est
851 1921 923 1966 esse
955 1905 988 1966 in
1012 1911 1042 1966 te
1069 1910 1187 1966 tautam
1215 1900 1346 1966 dicendi

295 2019 347 2084 vel
366 2020 430 2084 um
455 2019 507 2083 vel
530 2021 714 2083 suavitatem
740 2017 792 2083 vel
814 2020 952 2103 copiam3
981 2038 1071 2105 quem
1093 2018 1222 2103 quidem
1247 2028 1346 2083 antea

295 2144 408 2200 natura
433 2133 528 2199 rebar
548 2136 593 2198 ita
615 2133 735 2210 dicere,
763 2144 796 2198 ut
817 2134 892 2198 mihi
918 2154 983 2199 uon
1005 2134 1105 2200 solum
1128 2145 1235 2200 orator
1256 2155 1344 2199 sum-

297 2271 381 2330 mus,
409 2252 466 2316 sed
492 2253 586 2316 etiam
609 2251 859 2336 sapientissimus
881 2250 973 2317 homo
995 2252 1160 2330 viderere;
1188 2272 1270 2317 nuuc
1293 2253 1343 2316 iu-

296 2364 417 2453 tellegd
445 2368 504 2433 illa
534 2378 564 2433 te
592 2388 715 2454 semper
744 2370 838 2433 etiam
864 2371 987 2454 potiora
1016 2369 1158 2447 duxisse,
1192 2389 1273 2454 quac
1301 2369 1343 2433 ad

289 2476 484 2573 'sapientiam
505 2495 695 2571 spectarent,
723 2494 815 2570 atque
837 2504 877 2550 ex
897 2485 947 2550 his
968 2485 1050 2551 hano
1073 2486 1197 2551 dicendi
1219 2489 1343 2572 copiam

297 2601 434 2670 duxisse.
478 2600 545 2667 Sed
565 2612 678 2681 tamen,
700 2622 770 2668 cum
792 2603 893 2668 omnis
914 2602 1039 2687 gradus,
1055 2605 1167 2668 aetatis
1189 2605 1343 2671 recordor

295 2802 446 2873 forensem
469 2807 769 2872 exercitationemque
792 2802 839 2856 vel
861 2800 937 2854 huuc
958 2818 1044 2855 urum
1064 2800 1269 2872 forensemque
1291 2820 1342 2856 ea·-

298 2891 518 2952 ettcttattoaem,
541 2888 567 2940 io
591 2905 626 2942 eo
652 2887 759 2957 quidem
783 2904 838 2941 nou
865 2896 939 2940 recte
961 2887 1084 2939 iudicare
1107 2887 1223 2941 videtur.
1259 2885 1342 2940 Bene

297 2971 363 3024 tecit
387 2980 501 3038 uterque
523 2989 637 3025 morem
660 2972 809 3038 eiicieudo,
840 2988 895 3024 non
924 2971 988 3024 item
1013 2970 1164 3040 forensem
1186 2970 1340 3024 inferendo.

298 3052 358 3107 Hic
374 3071 445 3119 usur
462 3055 533 3108 enirn
549 3056 608 3126 ipse
627 3064 670 3119 est
686 3055 813 3120 forensis,
835 3071 915 3123 qoem
931 3056 1127 3109 exercitatione
1142 3064 1271 3108 oratores
1282 3070 1341 3106 esse

297 3137 521 3206 assequebantur.
557 3139 624 3194 Cum
642 3139 723 3209 igitur
735 3135 895 3210 Madvigius
913 3148 989 3193 recte
1007 3140 1194 3210 perspexisset
1212 3138 1341 3192 rhetori·

251 3258 254 3263 ·
296 3234 365 3276 mam
382 3221 578 3293 interpretandi
597 3223 684 3293 gratia
701 3222 822 3276 additum
842 3239 902 3276 esse
921 3223 1074 3293 pronomini
1092 3221 1184 3286 dunc,
1211 3233 1240 3276 ut
1256 3223 1280 3289 §.
1296 3222 1338 3275 st.

298 3313 451 3360 oratorum
468 3307 592 3381 adiutos
604 3305 737 3360 Coracem
756 3315 783 3359 et
796 3306 983 3376 Pamphilum,
1005 3324 1074 3376 quos
1089 3324 1168 3360 nemo
1187 3316 1262 3361 reete
1280 3323 1342 3359 ora·

293 3399 374 3447 ‚tores
389 3390 482 3443 dicere
499 3398 622 3460 poterat,
646 3387 854 3460 significandos,
880 3392 940 3459 ipse
963 3401 1054 3445 tamen
1070 3392 1340 3461 interpretamentum
1442 3430 1443 3435 η

296 3472 403 3526 infersit
427 3490 482 3526 non
504 3476 591 3546 magis
613 3475 803 3529 necessarium.
848 3474 997 3548 sicigitur
1020 3476 1226 3535 constituendus
1249 3477 1340 3528 locus:
1442 3474 1443 3485 ¹

298 3556 444 3628 adiureqat
462 3557 538 3613 dorne
553 3576 640 3632 usum
658 3562 957 3629 exercitationemque
976 3559 1103 3614 dicendi.
1266 3614 1270 3628 ,

381 3641 424 3697 81.
465 3643 619 3710 Coracem]
636 3642 770 3699 Coracou
788 3642 873 3707 Vict.;
892 3644 1009 3702 tortasse
1024 3642 1139 3696 Coraca
1156 3642 1246 3695 votuit
1260 3642 1340 3695 tibra-

296 3727 361 3781 rius.
383 3753 420 3768 »-
450 3728 640 3794 clamatores]
665 3726 792 3782 clameost
811 3726 861 3797 Lg.
882 3727 924 3783 20.
948 3756 984 3767 -
1010 3727 1152 3799 puerilis]
1181 3727 1222 3779 sic
1244 3724 1296 3797 Lg.
1315 3726 1339 3778 3.

299 3809 341 3873 ts„
359 3811 400 3866 16.
421 3805 460 3866 17.
484 3813 527 3867 20.
547 3811 589 3866 ul.
608 3811 650 3866 23.
670 3811 713 3867 st.
736 3812 777 3867 32.
797 3811 839 3867 35.
863 3811 905 3865 65.
924 3812 966 3866 67.
986 3811 1028 3866 69.
1048 3811 1089 3865 76.
1109 3810 1150 3866 73,
1169 3810 1211 3865 76.
1235 3810 1278 3865 Sl.
1297 3810 1340 3864 86.

296 3892 367 3948 Vict.
385 3924 421 3936 -
448 3913 533 3950 memo
553 3903 704 3951 oratorum
723 3897 859 3963 totorrtm]
884 3903 1037 3950 oratorum
1060 3896 1137 3949 uncis
1160 3894 1256 3948 inclusi
1281 3910 1340 3946 cum

296 3976 399 4043 Henr.,
430 3978 464 4031 de
487 3997 541 4047 qua
563 3996 594 4033 re
616 3981 717 4033 dictum
741 3980 777 4033 ad
798 3981 823 4047 §.
841 3980 883 4033 86.
908 4008 941 4020 —-
972 3981 1114 4051 tauquam]
1143 3995 1294 4049 uunquam
1317 3996 1339 4033 s.

294 4076 401 4211 {1}qu
413 4058 464 4131 Lg.
480 4061 506 4118 3.
525 4063 549 4117 5.
567 4064 593 4118 6.
612 4062 645 4115 ut
658 4080 729 4119 corr.
746 4063 788 4118 tt.
805 4062 848 4119 65.
867 4062 908 4119 73.
927 4080 970 4104 -ι
986 4066 1106 4136 atttqt't]
1124 4063 1220 4118 terete
1238 4066 1341 4133 utraqu
