2968 4596
284 314 355 386 oo
645 316 651 329 ’
680 308 937 403 cressonis

1192 385 1198 415 l

285 490 359 564 quot
388 478 490 547 modis
517 477 674 545 hominum
701 488 880 546 mentes'et
906 478 1033 563 quihus,
1053 486 1096 544 ¹¹et
1123 497 1184 562 quo
1210 488 1328 563 genero

284 598 436 664 orationis
458 598 492 661 iu
513 615 727 681 quameunque
749 607 868 683 partem
888 605 1101 675 moverentur3
1122 595 1203 662 haee
1225 606 1329 663 autem

284 734 358 781 esse
383 715 505 800 penitus
531 715 565 778 in
585 714 691 780 medin
715 712 915 800 philosophia
939 723 1063 779 retruso
1089 723 1181 797 utque
1210 712 1327 789 abolita,

285 849 366 916 quae
388 833 441 896 isti
459 829 601 897 rhetores
621 851 661 896 ne
679 830 866 917 primoribus
885 830 1009 914 quidem
1024 829 1124 895 labris
1141 831 1327 914 attigissnt.

283 948 335 1016 88.
357 944 407 1013 En
427 945 632 1013 Menedemus
653 947 804 1033 exemplis
825 950 927 1031 magis
949 965 1042 1029 quem
1064 949 1254 1031 argumentis
1275 967 1328 1013 re-

284 1065 395 1132 fellere
423 1063 604 1131 serabatur.
647 1061 831 1130 Memoriter
851 1066 934 1129 enim
954 1063 1052 1128 multa
1072 1084 1111 1129 ex
1132 1062 1327 1129 orationihus

283 1181 486 1250 Demostheni
510 1179 674 1268 praeclare
707 1182 824 1267 scriptu
849 1182 1052 1267 ponuntiems
1079 1179 1213 1246 dooehut
1239 1179 1327 1245 illum

283 1305 317 1368 in
343 1302 456 1367 ommis
481 1297 534 1364 vel
559 1298 694 1366 iudicum
721 1297 773 1364 rei
799 1297 905 1384 populi
930 1298 964 1362 in
990 1317 1112 1364 omnem
1135 1307 1255 1384 portem
1277 1297 1327 1363 di-

284 1417 384 1486 cendo
410 1414 629 1502 permovendis
654 1436 718 1481 non
743 1415 842 1483 fuisso
869 1417 1013 1500 ignarum
1037 1414 1149 1498 quihus
1172 1434 1212 1480 eu
1232 1414 1327 1480 rebus

283 1541 545 1617 consequeretur,¹
569 1551 650 1616 quae
677 1541 808 1617 negaret
833 1531 889 1598 ille
911 1533 979 1597 sine
1000 1530 1200 1619 philosophia
1220 1551 1327 1617 quem-

284 1670 377 1736 quam
399 1668 495 1717 nosse
516 1669 621 1735 posse.

365 1763 442 1832 XX.
470 1764 522 1831 89.
549 1764 629 1832 Huic
654 1765 710 1832 ille
736 1764 947 1853 respondebat
972 1785 1036 1832 non
1061 1785 1096 1855 sp
1122 1786 1240 1851 negare
1261 1763 1335 1831 De-.
1402 1864 1405 1873 .

282 1884 477 1954 mosthenem
494 1902 646 1950 summam
664 1883 860 1970 prudentiam
872 1902 1084 1968 summumque
1098 1886 1161 1951 vim
1174 1882 1324 1950 hahuisse

214 2143 221 2149 .
282 2103 325 2158 67.
347 2100 417 2156 Gud.
436 2100 462 2155 3.
486 2099 593 2153 Arctius
609 2097 770 2170 colliguntur
787 2104 860 2169 punt
876 2100 975 2155 modis
994 2099 1156 2171 atquibus,
1174 2098 1325 2167 iunctisque

283 2193 459 2260 opponuntur
481 2184 527 2237 illo
551 2200 607 2254 quo
630 2200 735 2255 perere
756 2188 909 2239 orationis.
928 2212 963 2227 -
994 2185 1206 2254 quameunque]
1228 2183 1324 2254 scripsi

282 2289 318 2327 ex
335 2272 384 2342 Lg.
402 2269 426 2324 9.
450 2268 490 2323 15.
507 2267 550 2324 69.
567 2267 609 2323 81.
632 2267 723 2340 Vulgo
742 2278 770 2322 et
786 2268 839 2321 XV
856 2268 907 2339 Lg.
924 2286 1079 2339 quamque,
1098 2270 1122 2323 3.
1140 2268 1182 2323 67.
1202 2284 1323 2338 quaque.

280 2363 309 2412 v.
325 2356 361 2409 ud
380 2354 425 2421 19,
437 2353 479 2408 51.
496 2383 532 2393 -
546 2351 678 2425 partem]
692 2359 782 2425 purte
798 2351 848 2424 hg.
866 2353 891 2408 3.
909 2353 950 2409 67.
968 2380 1004 2395 ·-
1029 2352 1226 2424 moverentur]
1245 2370 1323 2407 eom·

280 2446 466 2495 monerentur
486 2436 535 2510 ng.
555 2436 597 2493 35.
616 2438 654 2491 ito
671 2454 740 2491 corr.
759 2437 783 2493 5.
806 2465 841 2478 -
857 2438 1056 2510 primoribus]
1076 2436 1227 2510 prioribus
1243 2437 1325 2509 lugat

281 2543 350 2580 corr.
370 2524 411 2579 13.
423 2522 466 2577 84.
482 2525 591 2594 primis
609 2521 651 2576 15.
683 2521 760 2575 Ferri
778 2522 847 2576 hoec
863 2539 920 2576 uon
936 2531 1060 2593 possunt,
1079 2540 1140 2575 cum
1154 2539 1250 2588 sensu,
1267 2529 1324 2575 turn

280 2619 394 2682 propter
407 2606 491 2662 Nonii
510 2607 699 2660 auctoritatem
715 2626 741 2678 p.
760 2606 820 2672 498,
838 2606 863 2661 5.
881 2607 935 2661 hoe
954 2606 1093 2660 Ciceronis
1110 2608 1173 2661 loeo
1191 2623 1276 2661 usum.
1287 2635 1324 2647 -

280 2692 392 2762 labris]
417 2691 500 2745 libris
517 2691 568 2761 Lg.
590 2690 615 2745 9.
636 2691 676 2746 13.
696 2691 736 2745 14.
756 2690 798 2746 69.
822 2690 885 2744 item
903 2693 927 2746 4.
946 2691 1043 2746 39.-76
1066 2692 1095 2745 hi
1120 2692 1228 2762 quidem
1250 2707 1322 2747 corr.

280 2776 484 2832 17611315-
504 2774 686 2846 anteponent]
707 2776 887 2847 adtiqtssent
903 2774 953 2846 Lg.
973 2775 1016 2830 65.
1035 2776 1076 2830 76.
1096 2777 1137 2830 73.

364 2859 408 2914 88.
444 2856 606 2912 conabatur
622 2858 769 2930 refellere]
789 2859 963 2937 trednbutur
981 2859 1032 2915 Gn.
1044 2861 1079 2927 3.,
1098 2861 1170 2914 unde
1189 2860 1247 2930 quis
1259 2877 1324 2914 eoo·

279 2944 374 2999 iecerit
396 2941 540 2996 tendebat.
577 2941 719 2997 invertunt
741 2944 810 2998 hoec
828 2944 878 3016 ng.
901 2945 925 3001 9.
945 2944 970 3000 5.
988 2944 1014 3000 6.
1037 2945 1076 3000 14.
1098 2943 1197 2999 1516.
1220 2944 1261 2999 17.
1279 2945 1322 3002 96.

279 3029 321 3083 91.
341 3027 382 3082 93.
400 3026 443 3081 94.
461 3026 502 3081 35.
521 3025 564 3080 65.
583 3026 625 3082 69.
645 3028 686 3083 76.
703 3028 744 3083 73.
762 3028 806 3083 86.
821 3029 862 3083 33.
891 3028 942 3083 Gn.
961 3029 986 3084 3.
1004 3057 1040 3072 -
1057 3028 1265 3099 Demostheni]
1284 3029 1324 3083 sie

278 3110 351 3167 Pith
377 3112 408 3166 Z.
433 3128 474 3183 pr.
498 3128 532 3165 m.
556 3110 605 3184 hg.
632 3112 673 3168 13.
700 3113 735 3166 39
758 3114 834 3184 (sine
857 3112 889 3181 b)
913 3114 954 3168 36.
980 3131 1008 3168 v.
1034 3115 1171 3185 explieott.
1193 3142 1230 3155 -
1250 3131 1322 3187 pro·

276 3194 432 3266 nuntians]
454 3196 493 3250 sic
516 3195 566 3268 hg.
592 3214 695 3252 omnes.
719 3228 755 3239 --
790 3197 927 3268 docebat]
949 3216 1018 3252 unus
1040 3198 1089 3270 ug.
1115 3198 1157 3252 33.
1194 3197 1322 3263 dicebat,

278 3282 353 3352 quod
377 3280 494 3335 sonasse
513 3280 610 3335 exeri.
629 3281 707 3339 Rom.
735 3283 849 3353 arripuit
872 3281 938 3338 Ero.
959 3293 987 3338 et
1004 3300 1062 3352 sqq.
1100 3282 1323 3338 demonstrabat

277 3367 327 3439 hg.
341 3366 376 3432 9.,
394 3373 523 3435 quaeest
540 3367 688 3437 explicatio
706 3384 792 3421 verse
808 3367 966 3437 scripturus.
977 3394 1014 3409 ·-
1032 3367 1171 3439 dicendo]
1190 3368 1322 3421 docendo

276 3450 362 3522 ιω
382 3467 452 3505 corr.
474 3450 770 3506 1339001136.-
796 3450 913 3523 quibus]
933 3456 966 3507 tn
983 3452 1088 3522 quibus
1104 3451 1154 3524 hg.
1172 3452 1197 3507 3.
1216 3450 1233 3504 5
1250 3469 1321 3517 corr.

275 3534 302 3592 6.
324 3526 427 3590 1415.
446 3534 489 3589 91.
507 3535 551 3590 35.
569 3534 611 3590 65.
630 3535 673 3591 67.
691 3535 733 3590 69.
752 3536 794 3591 81.
815 3535 856 3591 84.
877 3536 928 3590 Gn.
947 3536 972 3594 9.
992 3537 1030 3590 ito
1048 3554 1119 3591 corr.
1138 3536 1180 3591 39.
1197 3566 1234 3580 ·-
1253 3552 1322 3589 eon·

187 3630 194 3691 ζ
276 3616 460 3689 sequeretur]
479 3627 724 3690 consequerentur
741 3620 790 3693 ug.
809 3620 833 3675 3.
849 3619 891 3675 67.
910 3620 953 3675 86.
971 3650 1007 3663 —
1024 3621 1214 3693 quemquam]
1232 3637 1321 3692 quen·

276 3719 367 3775 quum
383 3702 434 3773 Lg.
452 3699 517 3769 rii,
543 3719 658 3773 quorum
680 3713 742 3758 sont
766 3704 807 3759 13.
830 3704 872 3759 67.
897 3704 939 3759 nu.
961 3703 1001 3760 76.
1028 3724 1080 3763 ons.
1101 3707 1141 3761 15.
1157 3736 1193 3748 —-
1220 3705 1321 3775 nosse]

275 3786 372 3856 scripsi
396 3803 432 3839 ex
456 3784 505 3856 Lg.
529 3785 553 3841 9.
577 3786 602 3841 3.
627 3791 652 3842 4.
674 3788 714 3843 13.
734 3788 775 3843 39.
795 3787 837 3844 36.
856 3788 898 3845 67.
923 3788 975 3847 Gn.
995 3790 1020 3846 3.
1040 3791 1070 3847 Ζ.
1090 3811 1118 3861 γ.
1141 3793 1180 3845 ito
1199 3807 1257 3850 vor.
1278 3787 1322 3846 76.

277 3870 376 3923 eodem
399 3870 473 3923 ducit
498 3886 619 3925 noscere
643 3873 671 3925 in
693 3872 763 3926 Viet.
797 3872 890 3926 Facile
913 3875 1053 3945 vulgarius
1079 3880 1156 3930 seire
1179 3876 1206 3929 in
1231 3876 1321 3928 locum

275 3952 428 4006 selectiorls
446 3952 523 4008 verbi
544 3954 693 4026 subrepere
711 3957 813 4027 potuit,
840 3975 893 4011 non
911 3958 965 4012 hoe
985 3961 1012 4012 in
1033 3961 1111 4014 illius.

362 4036 423 4089 XX.
458 4035 502 4091 86.
537 4037 606 4092 bute
617 4039 680 4109 tlte]
695 4042 734 4094 sic
747 4041 810 4096 edd.
824 4042 962 4110 antiquiss.
977 4043 1043 4098 Ero.
1056 4045 1119 4098 Scir.
1128 4043 1212 4096 Henr.
1233 4041 1321 4097 coru

277 4135 373 4175 omues
398 4119 448 4175 ille
472 4137 540 4189 om,
570 4122 685 4180 fortusse
710 4132 801 4189 secter
841 4126 970 4182 omittitur
1002 4129 1073 4195 eninr
1103 4127 1251 4196 aliquando
1278 4142 1321 4182 re·
