2980 4602
257 285 347 363 aas
649 242 910 364 orcnuorus

262 453 345 520 hanc
367 456 582 521 auctoritatem
603 456 768 538 gravitatis
791 465 821 520 et
843 453 970 521 consilii
990 455 1041 519 sui
1054 453 1212 521 uindicari
1233 467 1306 533 ate,

256 569 394 664 presse,
427 572 511 657 quod
543 591 613 637 eam
642 574 777 638 oratoris
804 575 962 659 propriam
991 592 1064 637 esse
1092 573 1203 639 dicas:
1235 577 1307 651 iam,

258 690 373 773 credo,
404 688 465 755 huc
490 690 596 755 veniat
627 699 658 755 et
688 688 771 755 hanc
802 690 1024 775 loquacitatem
1054 695 1195 755 nostram
1221 692 1307 757 vultu

258 809 328 897 ipso
351 815 539 893 aspectuque
562 817 752 884 conterreat;
775 810 828 892 qui
850 826 1026 892 quanquam
1049 818 1097 873 est
1118 811 1152 873 iu
1173 809 1306 875 dicendo

259 927 385 990 minime
408 924 665 1000 contemnendus
686 924 851 1009 prudentia
871 935 976 989 tamen
996 945 1100 989 rerum
1122 945 1306 1010 magnarum
1334 994 1352 1011 .

257 1044 364 1133 magis
391 1017 488 1126 quam
512 1040 636 1113 dicendi
663 1051 729 1105 arte
756 1043 871 1109 nititur.
923 1041 996 1105 215.
1016 1039 1133 1128 >Neque
1158 1062 1250 1115 uero,
1276 1045 1306 1107 si

255 1161 331 1251 ‚quis
353 1169 515 1245 utrumque
536 1167 651 1245 potest,
677 1168 733 1222 aut
759 1158 813 1222 ille
842 1158 968 1225 consilii
988 1159 1106 1245 publici
1128 1140 1242 1226 'auctor
1268 1180 1305 1227 ac

255 1286 390 1365 senator
409 1277 510 1361 honus
538 1276 577 1341 ob
601 1295 671 1340 eam
700 1276 801 1361 ipsam
828 1295 958 1341 causam
980 1287 1086 1342 orator
1110 1287 1158 1343 est
1180 1288 1232 1342 aut¹
1253 1277 1305 1342 hic

254 1395 396 1481 ¹'disertus
414 1404 505 1482 atque
529 1391 690 1478 eloquens,
713 1394 741 1457 si
764 1402 813 1457 est
833 1393 917 1459 itlem
938 1395 971 1457 in
986 1396 1203 1480 procuratione
1227 1397 1305 1481 civi-

259 1514 334 1577 tatis
356 1513 520 1599 egregius,
549 1488 687 1595 aliquam
713 1512 877 1576 scientiam
900 1511 1025 1575 dicendi
1046 1513 1138 1597 copia
1159 1521 1206 1575 est
1228 1530 1304 1575 con-

260 1640 396 1698 secutus.
429 1626 560 1695 Multum
579 1629 660 1692 inter
681 1646 716 1692 se
740 1627 855 1693 distant
872 1630 952 1695 istae
969 1627 1135 1693 facultates
1148 1627 1304 1713 longeque

253 1757 331 1837 'sunt
362 1746 507 1813 diuersae
533 1755 625 1831 atque
655 1746 815 1810 seiunctae
845 1765 946 1830 neque
973 1745 1085 1811 eadem
1116 1747 1237 1819 ratione
1267 1764 1314 1826 ao,

180 1874 182 1879 ’
255 1866 314 1957 juia
338 1861 383 1927 M.
407 1861 486 1928 (lato
517 1860 551 1925 P.
573 1861 744 1927 Africanus
777 1860 986 1940 unisonus
1017 1860 1051 1926 G.
1072 1859 1219 1939 Laelius,
1252 1846 1313 1946 qui

253 1980 573 2063 „omnesxeloquentes
595 1977 727 2056 suerunt,
750 1981 922 2069 orationem
939 1998 1028 2045 suam
1050 1989 1080 2043 et
1096 1980 1143 2045 rei
1159 1978 1302 2064 publicae
1381 1980 1384 1983 ’
1482 1966 1483 1985 .

153 2154 156 2160 .
260 2097 443 2187 dignitatem
465 2094 666 2161 exornabant.

256 2278 259 2287 ,
343 2210 381 2276 L.
418 2212 491 2285 916.
524 2210 631 2297 Neque
665 2213 748 2276 enim
774 2221 822 2281 est
848 2211 1043 2279 interdictum
1070 2221 1123 2276 aut
1156 2230 1302 2279 arerum

255 2339 372 2424 natum
399 2339 452 2395 aut
479 2348 500 2394 a
524 2328 597 2412 lege
623 2327 731 2417 aliqua
753 2339 853 2414 atque¹
866 2348 968 2406 more,
994 2339 1027 2394 ut
1049 2329 1183 2413 singulis
1204 2325 1303 2397 homi-

258 2561 355 2645 qorioe
378 2560 531 2632 scripturae
556 2562 764 2621 commentarios
789 2560 948 2615 consulendi
973 2562 1088 2616 facultas
1110 2561 1174 2615 data
1198 2571 1247 2615 est.
1268 2588 1303 2602 »-

258 2646 341 2717 apud
359 2664 390 2698 se
408 2644 483 2715 csse]
503 2646 604 2700 abesse
621 2647 671 2719 Lg.
690 2648 714 2702 6.
732 2677 767 2687 -
784 2645 944 2718 repandae]
963 2646 1109 2718 personulae
1126 2646 1174 2715 ng.
1191 2646 1232 2698 67.
1249 2646 1302 2710 76..

259 2730 334 2798 quod
350 2748 386 2782 ne
402 2731 462 2800 quis
479 2741 593 2802 recepto
612 2733 709 2785 lectius
724 2733 869 2797 existimet,
887 2731 1090 2801 magistratuum
1108 2730 1234 2793 omnium,
1251 2730 1303 2782 sed
1402 2781 1407 2786 ,
1482 2776 1483 2779 ,

258 2829 314 2865 non
335 2814 388 2866 viri
412 2814 440 2869 in
463 2831 494 2866 re
520 2815 629 2884 publica
650 2815 780 2886 principis
806 2833 868 2869 esse
891 2831 1000 2868 moneo.
1020 2842 1056 2855 ·-
1083 2829 1104 2865 a
1129 2811 1169 2882 te]
1196 2812 1249 2865 abr
1274 2799 1303 2866 tc

257 2894 308 2965 Lg.
321 2896 408 2950 69.-
433 2898 574 2968 oratoris]
594 2904 761 2957 oratorium
779 2900 829 2971 Lg.
843 2901 886 2955 69.
917 2906 1068 2952 oraturam
1084 2895 1126 2952 93.
1148 2926 1179 2937 κ-
1204 2898 1302 2969 ulcus]

253 2978 335 3033 ‘dicis
353 2979 403 3051 Lg.
421 2982 460 3034 15.
474 3010 510 3023 ·-
527 2984 710 3056 quanquam]
729 2986 767 3038 sic
784 2984 834 3056 ng.
847 2984 935 3051 nili,
956 2998 1070 3053 quorum
1088 2982 1129 3038 69.
1146 2982 1188 3037 73.
1201 2982 1243 3038 81.
1258 2984 1300 3038 93.

257 3068 399 3135 quiquam
417 3066 458 3120 76.
477 3066 525 3134 (en
541 3064 727 3152 q’quum).¹—-
752 3068 889 3139 discordo]
908 3069 1019 3122 iudicio
1038 3067 1088 3139 ng.
1108 3068 1133 3123 6.

228 3202 231 3209 -
342 3166 402 3221 915.
438 3156 624 3239 assecutor]
643 3177 771 3226 actaea.
790 3171 898 3242 Lgffl.
916 3198 952 3215 ν-
975 3177 1063 3239 utque
1081 3168 1230 3241 eloqueas]
1248 3174 1301 3222 aut

257 3250 329 3320 cloq.
353 3251 402 3322 Lg.
423 3244 454 3307 6.
467 3252 501 3304 94
521 3270 590 3308 corr.
611 3255 653 3310 69.
672 3256 714 3310 76.
732 3257 774 3311 93,
794 3255 890 3327 steph.
911 3255 980 3310 lunt.
998 3284 1034 3297 —-
1059 3253 1152 3324 idem]
1178 3271 1231 3307 om.
1249 3253 1300 3324 hg.

257 3337 298 3390 15.
314 3364 351 3377 ›-
371 3335 516 3406 uliquum]
535 3339 574 3391 sic
591 3349 638 3394 aut
656 3340 758 3409 aliqua
777 3339 844 3410 (Lg.
865 3342 890 3394 5.
913 3340 952 3393 14.
974 3342 1013 3394 15.
1034 3338 1078 3393 93.
1096 3339 1138 3395 93.
1158 3338 1300 3406 eidemque

257 3420 396 3487 scicntia)
422 3421 501 3476 codd.
527 3440 631 3479 omnes.
669 3429 787 3495 coptum
812 3424 872 3479 cod.
886 3423 979 3479 .Grut.
1004 3421 1059 3481 0¹.
1086 3440 1179 3479 omues
1203 3421 1259 3476 Erl.
1276 3422 1299 3477 l.

255 3503 327 3557 vict.
352 3502 403 3575 ng.
428 3507 452 3558 s.
477 3506 510 3560 a·
524 3507 564 3560 m.
586 3507 625 3562 15.
649 3496 692 3562 lo>
713 3508 755 3561 ao.
780 3507 824 3561 21.
848 3508 889 3562 aa.
916 3509 950 3562 m
967 3525 1039 3561 corr.
1063 3507 1106 3561 oo.
1126 3507 1167 3561 ro.
1194 3507 1235 3561 73.
1257 3506 1300 3561 sl.

254 3587 377 3661 84c0rr.
402 3589 444 3643 86.
470 3589 512 3644 93.
547 3589 598 3646 Gu.
621 3594 642 3647 l.
674 3601 701 3645 et
729 3592 790 3647 edd.
819 3594 959 3663 antiquiss.
986 3608 1013 3647 v,
1037 3592 1246 3662 explicationes.
1269 3621 1299 3631 -

256 3672 442 3745 commeatus]
454 3681 570 3728 secutus
584 3677 634 3747 ng.
647 3678 673 3730 6.
698 3684 892 3746 consequutus
903 3678 945 3730 91.
957 3676 992 3731 93
1004 3685 1032 3729 ct
1044 3692 1099 3729 uno
1112 3693 1131 3728 u
1142 3674 1173 3728 81
1186 3692 1256 3729 corr.
1267 3702 1302 3716 »-

256 3757 390 3810 diuersae
404 3787 434 3796 -
449 3759 612 3830 seiunctae]
636 3763 691 3815 inv.
710 3760 760 3832 ng.
777 3764 802 3816 6.
822 3789 858 3804 »-
887 3778 923 3814 uc
940 3759 1002 3830 oia]
1027 3767 1116 3828 atque
1138 3758 1188 3830 hg.
1207 3759 1249 3812 20.
1265 3788 1301 3799 ·—

258 3838 439 3975 C.·‡aelt'us]
461 3840 585 3897 Cecilius
607 3844 656 3915 Lg.
674 3847 715 3920 ti.v
738 3845 767 3902 0.
786 3846 873 3900 Elius
895 3845 938 3900 93.
977 3844 1074 3900 Cetius
1093 3852 1120 3897 ct
1137 3841 1238 3897 Lelius
1255 3843 1303 3895 alii

255 3937 300 3990 qur
320 3940 372 3975 am.

340 4020 372 4076 L.
408 4023 468 4079 916.
499 4040 599 4078 rerum
612 4029 735 4099 natura]
749 4030 804 4087 inv.
820 4029 870 4099 Lg.
881 4029 921 4085 15.
937 4030 979 4084 69.
992 4029 1083 4084 93η-
1099 4016 1301 4099 atqusmere]

254 4108 307 4158 aut
328 4121 367 4160 m.
398 4105 447 4177 ις.
471 4107 496 4161 6.
520 4107 562 4162 91.
599 4126 637 4164 uc
658 4129 696 4166 m.
722 4113 765 4167 35.
786 4140 821 4154 »-
852 4112 1001 4184 sinqulas]
1029 4115 1154 4184 siugulis
1180 4112 1232 4184 Lg.
1258 4114 1300 4170 70.
