2942 4608
284 318 374 395 418
681 312 937 383 ulcuscula

284 485 460 555 nouenae
482 476 689 573 opponunturt
717 494 781 551 turn
802 483 994 569 obiurgatio,
1021 484 1120 551 siest
1142 488 1345 565 auotoritas3

274 613 348 692 turn
371 603 558 695 ⁸admonitio,
590 605 683 688 quasi
708 602 811 669 lenior
838 602 1033 687 obiurgati03
1063 612 1129 671 tun
1152 607 1344 691 miniato,

286 723 316 789 si
343 721 512 799 audierint,
542 721 749 808 probaturos3
780 730 844 787 tuna
870 721 1064 807 deprecatio,
1096 721 1180 807 quod
1207 732 1257 789 est
1282 726 1345 788 in-

251 813 253 817 ·
285 838 404 917 imunt,
430 839 488 907 sod
512 859 577 906 non
602 858 759 925 anuam
774 837 865 926 utile.
909 818 983 909 346.
1009 835 1104 907 Nullo
1131 851 1235 907 autern
1257 840 1342 907 loco
1420 834 1426 847 ‘

286 956 357 1044 plus
394 958 530 1024 facetiae
562 965 692 1044 prosunt
732 967 764 1024 et
802 956 951 1022 celeritas
992 968 1024 1025 ot
1065 954 1161 1023 breve
1204 957 1343 1044 aliquod

288 1074 403 1143 dicum
432 1094 492 1141 nec
524 1076 593 1142 sino
622 1074 773 1158 dignitate
808 1083 838 1139 et
870 1094 940 1143 eunt
965 1073 1083 1161 lepore.
1135 1072 1222 1141 Nihil
1250 1078 1342 1141 enim

286 1202 351 1261 tan
391 1192 488 1259 facilc
530 1213 622 1279 quarn
659 1191 820 1261 multitudo
863 1211 884 1257 a
918 1192 1046 1259 tristitia
1067 1200 1114 1257 ·et
1156 1211 1253 1279 saepe
1289 1193 1340 1259 ab

259 1310 461 1379 acerbitate
487 1310 648 1378 commode
675 1320 705 1377 et
730 1308 869 1377 breviter
894 1321 925 1378 et
950 1320 1040 1388 acute
1067 1317 1098 1376 et
1118 1307 1222 1379 bilare
1236 1311 1338 1390 ¹dicto

289 1428 461 1497 deducitur.
511 1500 519 1513 ,

372 1542 551 1610 LXXXIV.
593 1541 733 1631 Exposui
759 1544 841 1622 bre,
876 1553 911 1620 ut
933 1546 1033 1629 potui,
1063 1542 1155 1611 vobis
1189 1547 1224 1613 iu
1247 1556 1339 1613 utro-

289 1682 349 1749 que
375 1681 493 1748 genere
515 1681 683 1730 causarum
709 1682 790 1749 quae
818 1664 909 1748 sequi
931 1661 1082 1739 solerem,
1110 1663 1337 1747 praefugere,

290 1800 371 1868 quae
399 1790 542 1868 spectare
570 1800 693 1866 quaque
718 1782 845 1847 omnino
872 1782 905 1846 in
926 1781 1033 1846 causis
1054 1762 1177 1853 rationo
1199 1782 1336 1846 versam
1395 1843 1401 1848 .

288 1892 362 1964 341.
394 1896 460 1965 Neo
491 1897 571 1963 illud
601 1898 723 1964 tertium
748 1896 962 1963 laudationum
993 1916 1094 1981 genus
1120 1906 1169 1962 est
1195 1896 1335 1974 difficile,

289 2015 374 2100 quod
397 2024 459 2098 ego
486 2015 576 2081 initio
604 2017 695 2101 quasi
727 2035 749 2080 a
772 2016 948 2101 praeceptis
974 2016 1091 2080 nostris
1118 2034 1335 2095 secreverarn3

290 2130 348 2201 sed
374 2140 405 2197 ot
431 2132 506 2215 quia
532 2131 629 2198 mudta
655 2142 762 2215 esseut
788 2132 962 2198 orationum
987 2151 1108 2217 genera
1133 2144 1165 2201 et
1184 2136 1336 2217 gratiae
1415 2175 1419 2181 ,

289 2365 348 2427 siue
366 2364 450 2419 dubio
471 2381 507 2418 ex
524 2366 617 2437 primis
633 2366 719 2420 literis
737 2366 867 2422 vocabuli
882 2365 1021 2433 sequentis
1038 2375 1135 2421 onum.
1171 2366 1219 2423 bis
1236 2368 1288 2439 Lg.
1305 2370 1332 2424 3.

290 2449 377 2505 413.
402 2450 444 2505 31.
461 2449 504 2504 86.
541 2454 620 2504 enim
641 2452 744 2505 addunt
765 2450 805 2507 13.
823 2451 867 2505 14.
901 2450 1010 2504 Deinde
1028 2457 1158 2520 quotuor
1175 2470 1229 2506 nno
1250 2461 1262 2507 t
1280 2452 1332 2525 Lg.

290 2543 403 2605 praeter
420 2536 446 2589 3.
464 2534 490 2590 5.
516 2535 556 2589 17.
576 2536 618 2591 31.
637 2535 680 2591 aa
699 2537 740 2593 76.
761 2535 819 2603 84,
842 2536 906 2589 item
930 2535 981 2589 Gn.
1000 2542 1070 2601 tres,
1093 2537 1146 2591 alii.
1181 2537 1334 2608 Utramque

290 2618 405 2673 formam
429 2620 457 2673 in
476 2637 526 2674 usu
550 2619 632 2674 luisse
650 2622 697 2674 vel
720 2639 754 2674 ea
775 2620 938 2686 ostendunt,
962 2636 1033 2688 quoe
1052 2619 1209 2691 duplicandi
1227 2628 1240 2675 t
1255 2641 1334 2695 argnt-

290 2713 382 2761 neon
408 2705 485 2775 ponit
508 2704 693 2763 Schneiderus
717 2705 765 2761 Gr.
788 2704 850 2760 Lat.
873 2704 894 2759 l.
920 2704 945 2759 1.
972 2721 999 2775 p.
1023 2706 1099 2772 446,
1130 2723 1244 2776 quorum
1268 2707 1335 2762 illud

289 2790 408 2862 maxime
433 2787 585 2855 infirmum,
615 2791 689 2860 qnod
712 2797 854 2861 quattuor
875 2790 983 2843 Graeco
1008 2793 1129 2863 τέττορες
1151 2801 1178 2846 et
1200 2797 1336 2866 πέσσυρες

184 2865 188 2873 ’
273 2868 467 2943 respoudeat.
495 2871 655 2931 Qussi'non
673 2877 777 2946 pariter
794 2875 866 2929 dicta
884 2884 912 2929 et
929 2875 1084 2944 antiquiora
1101 2876 1202 2931 suerint
1217 2879 1335 2951 τέτορες,

290 2962 413 3028 πίσυρες.
426 2987 462 2998 —-
478 2957 583 3026 lenior]
599 2959 692 3014 levior
705 2959 755 3031 bg.
765 2962 790 3014 4.
804 2960 845 3014 17.
860 2991 891 3001 -
910 2959 1055 3029 infimum]
1073 2960 1225 3030 infirmnm
1242 2962 1294 3019 Gn.
1307 2963 1334 3018 3.

193 3091 196 3097 .
377 3043 438 3097 346.
462 3042 551 3099 nullo
567 3043 644 3112 loco]
659 3061 717 3098 noa
730 3045 790 3099 allo
805 3061 865 3097 cum
879 3045 1014 3114 prioribus
1027 3046 1185 3101 continuata
1199 3048 1336 3101 sententia

290 3124 341 3198 bg.
357 3126 400 3181 67.
432 3143 491 3181 non
507 3127 587 3181 noello
605 3146 627 3181 s.
644 3129 782 3183 nonaullo
800 3127 825 3186 3.
844 3131 869 3183 4.
887 3128 972 3185 6.13.
990 3130 1025 3184 14
1042 3148 1113 3186 corr.
1144 3134 1176 3205 tp
1194 3131 1273 3185 noello
1289 3130 1333 3188 69.

289 3211 332 3266 86.
351 3210 394 3267 93.
430 3215 463 3265 ia
487 3211 539 3266 illo
562 3212 614 3268 Gn.
633 3212 657 3269 1.
694 3212 766 3267 Mox
790 3220 891 3270 sutem
915 3232 968 3270 om.
992 3213 1042 3285 Lg.
1061 3215 1086 3271 5.
1108 3216 1149 3270 14.
1171 3214 1271 3273 1516.
1293 3217 1334 3272 17.

290 3294 465 3353 161113.
489 3297 532 3352 14.
555 3296 597 3353 35.
621 3298 664 3354 65.
690 3299 730 3354 76
754 3299 797 3355 73.
822 3299 864 3355 76.
885 3294 932 3355 81.
954 3298 997 3354 86.
1022 3298 1065 3355 93.
1095 3301 1147 3356 Gn.
1170 3300 1193 3354 l.
1219 3301 1245 3356 1.
1282 3308 1335 3355 out

290 3379 341 3451 ng.
357 3380 382 3434 4.
400 3408 437 3421 ·-
455 3382 539 3453 plus]
562 3384 657 3438 mirum
681 3393 722 3439 est
741 3383 796 3438 boc
817 3384 916 3438 obesse
935 3401 953 3438 a
968 3383 1019 3455 Lg.
1039 3393 1151 3454 praeter
1168 3386 1209 3441 17.
1228 3385 1270 3441 35.
1290 3385 1333 3440 69.

289 3461 332 3517 81,
346 3464 389 3520 84.
404 3464 458 3532 93..
479 3467 541 3521 item
559 3469 734 3525 61313.»-
752 3468 847 3538 breue]
866 3467 935 3523 bene
952 3469 1004 3524 Gn.
1018 3467 1041 3524 1.
1054 3483 1089 3509 ²-
1106 3468 1144 3524 ob
1161 3470 1334 3538 acerbitate]

290 3549 329 3611 ab
345 3568 398 3607 ona
410 3550 462 3623 bg.
475 3551 619 3610 1816111.
632 3554 676 3609 84.
692 3554 743 3608 Go.
758 3555 781 3610 l.
796 3555 857 3611 Ald.
870 3552 948 3609 Man.
959 3582 995 3595 -
1013 3555 1179 3623 commode]
1191 3555 1335 3611 conmode

289 3635 339 3707 ng.
351 3635 376 3691 1.
395 3635 499 3691 6984.
517 3665 553 3679 *-
579 3634 608 3691 et
625 3637 762 3708 breviter]
780 3640 875 3711 scripsi
893 3639 1041 3693 secundum
1060 3637 1110 3710 Lg.
1122 3639 1146 3694 1.
1164 3639 1190 3696 3.
1203 3642 1228 3695 4.
1247 3640 1272 3696 6.
1291 3640 1332 3696 13.

290 3721 332 3777 31
344 3721 386 3778 38.
399 3721 443 3777 81.
463 3724 722 3793 commendaturque
738 3724 792 3779 hoc
809 3725 964 3779 necessaria
981 3725 1175 3795 particularum
1188 3725 1332 3794 parilitate.

376 3805 529 3862 LXXXlV.
556 3808 614 3863 341.
644 3810 864 3876 laudationum]
879 3808 1062 3863 laudationis
1081 3807 1129 3880 bg.
1144 3808 1187 3864 69.
1200 3808 1243 3865 aa.
1269 3809 1334 3863 lau·

290 3892 431 3946 datorum
449 3891 492 3947 67.
517 3893 627 3947 videtur
649 3893 851 3948 laudatorium
873 3893 1000 3951 librarius
1025 3893 1136 3947 daturus
1156 3880 1249 3955 fisse.
1280 3910 1333 3948 our.

289 3975 385 4031 Lernb.
403 4004 439 4018 ›-
461 3979 563 4047 penato]
581 3994 633 4031 om.
652 3977 703 4032 Gn.
722 3977 746 4030 3.
765 4004 801 4018 —-
826 3984 856 4032 et
871 3948 1027 4049 postero]
1044 3995 1097 4033 om.
1116 3978 1166 4049 Lg.
1185 3978 1209 4033 5.
1231 3977 1270 4035 14.
1291 3978 1331 4034 15.

291 4057 332 4114 16.
348 4059 388 4113 17.
406 4059 448 4114 16.
463 4059 505 4113 11.
518 4059 560 4114 13.
575 4061 617 4115 14.
636 4061 678 4116 35.
692 4062 735 4116 65.
747 4061 789 4117 67.
802 4061 843 4138 ⁷⁰.-
859 4062 901 4117 73.
915 4064 956 4118 ra
966 4062 1009 4119 81.
1022 4063 1064 4120 st.
1076 4062 1118 4118 86.
1130 4062 1172 4119 93.
1190 4062 1333 4132 eidemque

288 4144 427 4199 meteres.
463 4147 593 4198 maiorer
616 4151 646 4199 ot
667 4149 808 4218 prosim
835 4145 934 4204 (16.1.
957 4176 992 4192 —-
1018 4148 1222 4220 praeciperet]
1243 4164 1332 4219 prae·
