2980 4602
389 305 472 373 on
499 253 1050 429 onnronn'pmpngrzop313
1065 312 1229 428 geppe

183 478 214 542 si
231 476 326 553 dicei,
348 475 447 543 tumen
461 475 529 554 iiia,
553 496 634 562 qnae
650 476 801 556 dicantur,
823 474 941 543 similia
954 473 1140 565 scriptorum
1156 496 1228 543 esso

185 592 366 671 micantum
400 603 491 678 atque
519 596 627 672 eiiam,
656 597 684 660 si
710 595 835 680 mendo
861 596 894 658 in
921 594 1054 661 dicendo
1068 584 1229 681 'scriptun
1308 576 1317 601 ‘

188 709 320 774 unuierit
346 710 480 795 aliquid,
508 730 577 776 curn
605 711 645 775 ab
672 731 711 777 eo
740 708 949 789 discessum.
965 710 1088 796 reliqua
1114 709 1227 777 similis

183 828 284 893 oratic
313 818 530 913 consequetur.
579 827 650 892 153.
677 825 717 893 Ut
743 830 899 893 concitato
925 829 1150 911 navigiorum
1175 847 1225 892 re·

184 945 283 1027 miger
315 943 525 1020 inhibuerunt,
558 946 670 1009 retinet
700 955 806 1010 tamen
837 946 908 1030 ipsa
938 946 1029 1009 navis
1056 953 1170 1009 motum
1196 951 1227 1008 et

182 1080 306 1126 cursum
328 1080 418 1141 suum
438 1062 616 1127 intermisso
638 1063 752 1148 impetu
766 1062 917 1148 pulsuque
940 1060 1117 1127 remorumz‘
1131 1062 1178 1125 sic
1192 1060 1226 1124 in

181 1179 324 1243 oratione
350 1187 513 1263 perpetue,
546 1197 615 1243 cum
648 1180 765 1264 scripta
795 1177 952 1254 deiciunt,
988 1197 1097 1264 parem
1123 1187 1226 1242 tomen

180 1293 299 1359 obtinet
324 1297 424 1360 oratio
452 1295 577 1379 reliqua
604 1313 738 1373 cursum
754 1296 936 1385 scriptorum
964 1292 1167 1361 similitudine
1196 1302 1228 1358 et

180 1412 401 1476 viconciiata.
752 1484 753 1489 ξ
1225 1463 1228 1468 .

265 1499 425 1589 xxxiv(
450 1524 580 1590 15111
603 1526 770 1591 cotidianis
793 1535 895 1590 entem
916 1524 1225 1593 commentationibus

180 1643 329 1726 equidem
349 1640 425 1705 mibi
447 1640 699 1706 adolescentulus
713 1659 886 1724 proponere
910 1639 1051 1704 solebam
1067 1641 1155 1705 iilam
1170 1661 1225 1705 ex·

181 1758 400 1823 oscitationem
431 1757 590 1847 maxime,¹
612 1774 675 1840 qua
701 1752 736 1818 C.
764 1753 940 1820 Carbonem
969 1764 1109 1819 nostrum
1138 1746 1227 1819 illum

182 1874 343 1940 inimicum
369 1871 495 1938 solitum
517 1854 600 1951 esse·
614 1873 660 1943 uti
682 1870 836 1949 sciebam,
863 1880 896 1936 ut
917 1879 971 1941 aut
990 1870 1134 1941 versibus
1154 1891 1226 1964 pro

271 2089 328 2145 153.
362 2089 407 2156 ut]
424 2094 454 2141 et
470 2092 505 2141 ut
523 2085 628 2140 Bobius
646 2088 780 2159 asyndeto
794 2074 920 2140 offensus.
951 2086 1091 2147 Puriiouia
1103 2089 1130 2149 iu
1145 2088 1225 2147 simili

184 2174 365 2244 comparando
384 2174 474 2229 otiosa
491 2180 519 2224 et
531 2171 683 2225 sententiae
697 2171 867 2224 incommodo
880 2171 997 2231 videtur.
1010 2200 1045 2211 -
1064 2173 1224 2241 condicto]

184 2263 310 2312 incitato
335 2255 386 2326 Lg.
408 2257 450 2310 14.
469 2254 512 2309 36.
530 2254 573 2332 93.
599 2255 638 2307 ito
659 2272 711 2309 ror.
735 2255 774 2309 17.
792 2282 827 2296 ·-
856 2256 994 2326 remipes]
1017 2260 1152 2328 remiytis
1173 2256 1224 2326 bg.

181 2342 213 2394 81
237 2358 308 2394 corr.
330 2368 366 2378 -
395 2337 599 2406 inhibuerunt]
625 2337 807 2393 inhibuerint
827 2339 877 2410 ng.
900 2339 941 2393 35.
962 2339 1004 2394 93.
1033 2339 1071 2393 ite
1092 2357 1163 2394 corr.
1181 2338 1225 2393 61.

134 2438 138 2443 ’
163 2415 388 2477 'sustinuerunt
402 2422 498 2476 Lumb.
517 2438 544 2475 v.
561 2423 764 2491 explicationes.
775 2453 812 2465 —
828 2441 895 2476 curn
913 2423 1038 2494 scripta]
1056 2427 1227 2493 oonsmpta

184 2507 236 2578 hg.
255 2507 280 2560 6.
318 2523 384 2559 cum
401 2509 546 2576 scriptum
565 2506 621 2572 76.,
640 2507 764 2578 idemque
782 2508 890 2577 deficit.
906 2535 942 2548 ——
963 2505 1089 2572 obtinet]
1115 2508 1228 2577 optinet

59 2643 72 2649 ,
180 2591 234 2663 Lg.
257 2590 296 2643 17.
316 2589 357 2643 20.
376 2589 417 2644 nl.
436 2589 478 2642 34.
497 2588 546 2648 65.
559 2590 598 2644 70.
620 2593 863 2646 commendandum
881 2590 949 2655 iliis,
968 2586 1018 2656 'qui
1036 2588 1089 2641 sed
1108 2594 1136 2640 et
1153 2595 1226 2660 aput

182 2675 263 2730 unice
281 2674 406 2744 probent.
433 2673 467 2728 V.
486 2674 521 2752 ori
541 2676 581 2740 ii,
598 2675 639 2729 ts.
787 2721 790 2728 .

178 2794 182 2801 ·
269 2758 398 2813 XXXIV.
435 2757 491 2812 154.
530 2759 837 2828 oornmcntationibus]
854 2758 893 2814 sic
906 2775 961 2811 non
977 2756 1179 2814 morioMunnt.
1199 2765 1227 2811 et

178 2850 294 2899 recenti.
315 2852 378 2913 post
395 2843 470 2909 scu,
487 2844 538 2897 sed
556 2845 637 2897 etiarn
654 2843 704 2915 Lg.
721 2844 762 2903 16,
775 2843 817 2898 23.
830 2844 870 2898 70.
884 2843 926 2898 73.
936 2840 978 2897 86.
1013 2841 1226 2896 conductibus

180 2929 244 2996 (sic)
268 2927 325 2981 Eri.
345 2927 367 2981 l.
405 2928 594 2981 concionibus
616 2925 705 2983 liuva.
724 2928 748 2985 7.
774 2945 857 2998 supro
880 2944 931 2980 scr.
952 2926 1223 2983 exercitationibus.

68 3022 79 3041 ¹
181 3010 429 3066 concitationibus
452 3011 522 3066 Pali.
541 3011 619 3065 Grut.
639 3011 731 3067 Onon.
744 3011 809 3066 Gn.
829 3011 852 3066 l.
873 3011 898 3066 2.
925 3012 1014 3066 Havn.
1033 3012 1056 3067 1.
1076 3012 1137 3066 edd.
1158 3012 1225 3065 onii,

181 3095 264 3164 quies.
293 3095 341 3166 Lg.
362 3096 397 3148 3.
410 3096 435 3148 5.
455 3098 480 3150 6.
503 3095 542 3149 lt.
564 3096 604 3150 15.
625 3096 666 3149 30.
686 3095 728 3149 21.
747 3095 790 3150 65.
808 3095 850 3149 69.
871 3096 912 3151 76.
934 3095 975 3152 81.
996 3095 1039 3150 83.
1064 3104 1092 3149 et
1117 3112 1140 3150 c.
1163 3112 1224 3160 vor.

179 3178 444 3233 exercitationibus
461 3180 503 3235 35.
522 3181 560 3233 ito
574 3196 645 3233 corr.
658 3180 701 3234 67.
738 3180 1004 3234 concertationibus
1021 3180 1115 3255 Stepb.
1129 3179 1224 3232 anb.

131 3294 133 3298 ·
177 3263 411 3336 capitationibus
436 3265 496 3319 Alo.
513 3263 582 3317 bunt.
608 3262 680 3317 Crat.
699 3264 777 3318 Grut.
799 3264 866 3325 Ern.
892 3262 1157 3320 exercitationibus
1180 3261 1224 3317 ed.

177 3347 254 3419 Lips.
269 3347 415 3400 Thunneri.
433 3375 467 3391 e·-
484 3347 576 3401 Paulo
593 3357 657 3401 ente
672 3348 838 3407 ,cotidianis
857 3348 906 3419 ng.
923 3347 963 3403 15.
977 3348 1019 3403 et
1050 3346 1226 3401 cottidianis

178 3431 221 3487 67.
237 3432 279 3486 81.
293 3431 335 3484 84.
351 3428 476 3486 661161.
508 3432 635 3501 quottid,
651 3433 692 3487 76,
712 3432 765 3487 Gu.
780 3433 803 3487 1.
817 3460 852 3478 »ψ-
876 3431 1124 3498 adolescentubus]
1144 3429 1223 3492 adul.

178 3515 229 3586 Lg.
244 3515 285 3568 17.
298 3515 340 3568 37.
353 3515 396 3570 65.
410 3516 451 3570 70.
465 3515 506 3570 73.
517 3514 559 3570 el.
572 3515 615 3569 st.
640 3515 783 3582 -fiblaml
802 3520 893 3570 istam
908 3515 958 3587 Lg.
970 3516 1013 3573 65.
1031 3544 1067 3559 -
1085 3514 1225 3582 sciebam]

178 3599 314 3652 solebam
332 3598 382 3669 hg.
402 3598 443 3652 76.
464 3630 498 3646 v
521 3597 776 3676 comprehendere]
798 3601 995 3671 conprendere
1014 3599 1065 3654 Gn.
1087 3598 1110 3653 l.
1130 3597 1226 3677 1156.

179 3689 260 3756 c‘opr.
274 3683 316 3737 70.
329 3711 365 3729 π-
378 3684 462 3754 post]
475 3690 634 3755 postquam
646 3682 696 3754 Lg.
710 3682 753 3741 69.
773 3683 866 3739 Verba
880 3683 959 3754 quoa
976 3701 1054 3736 ee—
1058 3687 1226 3755 posuissem

179 3767 345 3838 perentbctu
369 3785 431 3820 esse
455 3769 514 3821 vuit
530 3766 636 3820 Bobius
661 3775 688 3825 et
712 3785 865 3821 sermonem
887 3767 1036 3822 instiurtum
1058 3766 1164 3819 absolvi
1183 3784 1226 3820 se

180 3851 329 3921 quentibus
347 3857 392 3905 tta
410 3856 444 3905 si.
481 3851 540 3905 Sed
557 3856 603 3905 ita
622 3846 814 3906 ἀνακόλουθον
829 3850 954 3905 efiiceret
973 3851 1132 3915 cretionem,
1153 3850 1227 3918 quod

181 3944 245 4005 post
269 3934 444 4004 parenthesin
464 3934 575 4005 probari
596 3937 696 4003 nequit.
719 3963 756 3979 ·-
789 3936 938 4006 cuiusque]
964 3940 1159 4002 cuiuscumque
1175 3932 1225 4004 bg.

179 4019 222 4072 65.
237 4047 273 4058 -
297 4017 458 4086 Gracchus]
483 4008 612 4074 Graecias
627 4019 676 4091 hg.
688 4020 734 4085 X„
750 4035 864 4088 pirorum
879 4018 919 4072 15.
932 4017 974 4073 67.
988 4018 1031 4071 69.
1044 4017 1085 4070 76.
1113 4013 1233 4069 &acub

180 4103 251 4163 Vici.
271 4100 406 4160 (brecbam
421 4104 538 4178 quidem.
561 4103 638 4160 iiiam
651 4105 771 4175 priorem
783 4104 944 4177 scripturum
957 4100 1108 4157 detondens
1121 4099 1228 4153 uorum
1284 4126 1287 4127 ν
