2968 4596
287 344 356 397 amr
661 319 951 390 rnanrnrto.
968 318 975 327 ”

285 493 480 571 admodum
510 491 611 588 vulgo
631 492 717 567 'dari
750 496 858 588 solet,
894 493 1066 565 coniuncta
1096 502 1332 582 tractarentur,

173 623 184 644 '
284 649 394 744 priore
427 644 591 717 volumine
626 644 729 718 verba
761 646 930 740 scriptoris
970 667 1014 716 ex
1040 641 1131 715 libris
1164 642 1336 715 emendata

287 796 362 873 dedi
389 796 535 893 ap'posita
561 797 724 891 scriptum
748 796 906 869 bonorum
933 793 1079 867 codicum
1103 796 1253 891 integra,
1279 817 1333 868 re·

231 1005 235 1009 -
284 951 447 1046 liquorum
488 961 596 1021 autem
639 962 676 1022 et
714 947 895 1021 editionum·
924 947 1150 1020 notabiliorum
1192 946 1332 1038 salceta,

186 1132 189 1137 ¹
286 1101 464 1198 eodemque
496 1102 568 1174 loco
599 1113 635 1172 et
666 1124 720 1174 res
752 1099 793 1173 ad
825 1099 1070 1172 scribendorum
1099 1072 1334 1171 vocabulorum

285 1255 444 1329 rationem
464 1254 664 1347 pertinentes
683 1254 904 1347 pertractavi,
933 1254 1036 1325 altero
1055 1264 1169 1324 autem·
1182 1264 1332 1346 receptas
1456 1304 1457 1333 ,

287 1384 528 1479 emendationes
571 1417 607 1476 et
638 1428 658 1475 a
692 1406 853 1478 sententia
888 1419 927 1495 at,
961 1429 981 1476 a
1014 1404 1171 1476 sermonis
1203 1403 1333 1476 rationo
1456 1442 1457 1453 κ

287 1555 416 1631 delendi
442 1554 482 1629 de
505 1555 639 1627 consilio
660 1557 832 1650 scriptoris
850 1556 989 1628 disserui
1010 1555 1193 1650 argumenti
1210 1577 1333 1637 nexum

285 1719 321 1780 et
354 1704 499 1781 ordinem
518 1706 678 1801 ,explicui
712 1731 768 1780 res
803 1719 839 1778 et
868 1707 994 1800 verba,
1035 1719 1192 1802 quantum
1223 1707 1332 1800 potui,

168 1838 171 1839 ἡ
221 1912 227 1917 -
287 1857 531 1933 commentando
553 1859 728 1940 illustravi.
784 1856 996 1931 Coniecturas
1022 1881 1110 1929 meas
1136 1871 1171 1931 et
1196 1857 1333 1929 aliorum

286 2032 447 2104 nusquam
480 2010 547 2083 lere
576 2010 638 2081 nisi
673 2011 707 2081 in
738 2010 944 2081 annotatione
970 2007 1128 2105 probavi:
1166 2008 1271 2081 dubiis
1298 2020 1333 2080 et

286 2163 346 2236 vix
378 2159 573 2235 sanabilibus
606 2161 690 2232 visis
732 2162 835 2233 satius
867 2161 945 2233 duxi
985 2160 1102 2249 addere
1136 2162 1270 2256 signum
1289 2159 1330 2256 †,
1411 2132 1414 2141 ⁴
1456 2178 1457 2247 ζ

287 2313 490 2408 corrigendis
526 2311 703 2384 abstinere.
759 2310 854 2404 Qupd
889 2314 922 2383 in
955 2310 1147 2405 explicando
1172 2312 1332 2404 scriptore
1456 2360 1457 2397 ,

285 2489 340 2541 res
382 2487 446 2536 non
487 2463 593 2537 nullas
636 2466 780 2535 notiores
821 2487 916 2559 quam
962 2487 1020 2559 pro
1065 2462 1234 2535 doctorum
1275 2485 1331 2534 ne·

287 2617 494 2708 densitatibus
528 2617 675 2711 protuli,¹
705 2614 737 2687 id
771 2617 920 2688 consulto
956 2616 1075 2688 lactum
1110 2628 1182 2686 cst:
1228 2627 1331 2686 totum
1382 2716 1391 2723 ι

189 2800 194 2809 ,
287 2771 394 2864 anan,
434 2793 500 2842 nn
529 2793 579 2861 ,n
611 2782 702 2862 paro
735 2767 960 2861 sutanum
993 2790 1204 2862 sumpsero·
1267 2765 1332 2838 nt

285 2921 363 2993 lium
410 2918 566 3014 quaedam
611 2941 631 2989 a
674 2919 837 3012 prioribus
884 2918 1143 3013 interpretibus,
1193 2915 1361 2988 maxima'
1456 2940 1457 2993 1

284 3067 506 3167 Henriahseno
536 3083 701 3143 mutuatus
735 3094 810 3143 sum
840 3072 990 3166 ascriptis
1026 3076 1133 3145 tamen
1165 3083 1335 3142 auctorum
1431 3106 1437 3118 ·

287 3221 485 3295 nominibus.

389 3369 473 3443 Cum
491 3372 595 3466 igitur
614 3370 694 3443 locis
717 3371 864 3466 plurimis
887 3384 946 3444 aut
968 3373 1073 3445 eiecta
1091 3370 1333 3466 interpolatoris
1387 3459 1391 3463 .
1456 3420 1457 3423 ,

285 3546 382 3597 manu
415 3537 472 3595 aut
497 3523 690 3619 corrigenda
717 3525 878 3596 sententia
912 3536 974 3595 aut
995 3523 1227 3603 vocabulorum
1251 3524 1333 3594 scri·

134 3712 138 3715 Α
246 3757 248 3761 ,
284 3659 462 3749 bandorum
490 3676 614 3748 ratione
641 3688 698 3746 aut
718 3673 893 3748 verborum
919 3674 1030 3747 ordine
1056 3677 1190 3752 inverso
1217 3675 1334 3770 vrdge-

285 3842 351 3901 tam
377 3829 570 3923 scripturam
594 3826 809 3929 mutaverim,
842 3851 947 3922 pauca
973 3827 1012 3899 do
1039 3829 1148 3900 mrdtis
1175 3850 1334 3922 apponam

286 3979 442 4077 exempla
464 3981 634 4053 manifesto
661 4002 761 4051 verae
787 3992 851 4052 aut
878 3979 1053 4076 probabilis
1082 3977 1332 4068 emendationis,
1434 3976 1453 3985 ²

286 4155 349 4230 quo
387 4132 540 4207 universe
582 4130 658 4228 quid
683 4132 820 4227 egerim
839 4186 842 4197 .
863 4133 898 4204 in
933 4130 1127 4229 corrigendo
1163 4128 1333 4204 Ciceronis
1386 4134 1387 4137 ’
