2958 4584
202 317 343 433 μη,
646 307 902 415 crusuouns

252 485 315 570 ipsi
336 481 383 548 sic
404 481 493 575 iuitio
516 479 739 566 scriptitarunt,
766 489 799 545 ιι
820 487 928 545 noster
949 475 1043 557 Gau,
1069 490 1103 546 ut
1123 479 1243 561 Pictor,
1265 493 1298 549 ut

252 598 349 666 Piso.¹
380 597 433 663 52.
459 593 537 665 lirat
561 598 645 662 enim
669 595 804 662 historia
828 595 906 662 nihil
933 595 1020 662 aliud
1046 598 1110 663 nisi
1138 599 1300 665 annalium

238 716 428 793 confecia,
466 716 555 807 cuius
586 715 634 778 rei
670 715 902 798 memoriaeque
938 713 1084 800 publicae
1116 719 1299 784 retinendae
1316 698 1320 707 ,

253 814 354 900 causa
380 831 421 898 ab
443 832 532 897 initio
559 849 671 895 rerum
684 828 895 896 Romanarum
915 850 1014 916 usque
1040 831 1083 897 sd
1102 831 1137 899 P..
1160 832 1299 900 Mucium

251 949 428 1039 pontificem
448 950 615 1015 mammam
635 967 688 1014 res
710 950 812 1013 omnis
831 947 1025 1032 singulorum
1042 967 1194 1015 annnrum
1210 972 1299 1017 man·

254 1068 351 1135 dabat
375 1066 477 1133 literis
498 1064 638 1153 pontifex
663 1067 816 1130 maximus
836 1064 1056 1152 referebatque
1082 1068 1116 1132 iu
1141 1068 1245 1149 album
1266 1080 1298 1136 et

226 1174 446 1274 proponebat
465 1160 714 1260 tunam'nomi,
735 1192 875 1268 potestas
897 1192 930 1248 nt
947 1193 1033 1249 esset
1049 1184 1164 1271 populo
1180 1180 1299 1271 cogno-

252 1272 382 1382 scendi3
413 1304 438 1368 ii
463 1302 516 1386 qui
548 1302 643 1366 etiam
668 1300 760 1367 nunc
778 1298 911 1366 annales
937 1302 1064 1366 mummi
1089 1305 1297 1370 nominantur.

251 1420 304 1486 53.
330 1419 419 1487 Hanc
446 1417 680 1486 similitudinem
705 1416 865 1484 scribendi
891 1417 979 1483 multi
1006 1422 1105 1484 secuti
1131 1430 1215 1498 sunt,
1242 1422 1296 1506 qui
1391 1428 1394 1432 '

202 1532 205 1538 ’
227 1547 232 1555 ’
251 1539 322 1604 sine
343 1535 418 1603 ullis
441 1535 631 1601 ornamentis
657 1544 857 1602 monumento
882 1534 983 1601 solum
1004 1546 1173 1622 temporum
1194 1535 1295 1603 humi-

250 1654 325 1720 sum
352 1653 496 1719 iocorum
530 1662 750 1737 gestarumque
784 1671 892 1739 rerum
925 1634 1127 1738 reliquerunt.
1186 1638 1295 1741 ltaque

251 1771 356 1859 qualis
378 1768 617 1858 apndGraecos
638 1768 838 1853 Pherecydes
859 1767 1044 1837 Hellanicus
1065 1769 1218 1837 Acusilas
1239 1772 1296 1838 iult

252 1890 369 1975 aliique
390 1885 548 1974 permulti,
574 1885 649 1952 telis
667 1870 779 1952 ¹noster
795 1883 877 1973 Cato
899 1899 930 1952 et
950 1860 1056 1954 llictnr
1077 1897 1108 1953 et
1128 1886 1218 1968 Piso,
1241 1892 1293 1976 qui

251 2025 353 2091 seque
378 2012 501 2081 teuent,
533 2003 645 2089 quibem
672 2002 767 2069 nehus
797 1984 924 2069 ornetur
949 2007 1051 2071 oratio
1078 2005 1184 2088 (modu
1211 2009 1294 2075 enim

251 2121 312 2188 huc
327 2124 475 2187 istasunt
494 2121 684 2206 importata),
706 2132 746 2199 et,
768 2120 840 2186 dum
861 2120 1064 2206 intellegatur
1084 2124 1159 2210 qnid
1179 2125 1293 2202 dicant,

200 2324 204 2331 ἦ
250 2259 345 2306 umam
366 2236 491 2307 dicendi
512 2236 638 2303 laudem
656 2247 764 2325 putant
786 2258 859 2304 esse
880 2238 1074 2307 brevitatem.

48 2486 52 2493 .
145 2526 149 2531 Ι
248 2421 363 2512 ¹Graeci
383 2469 497 2525 quaque
520 2454 597 2526 ipsi]
617 2441 661 2508 'sic
686 2454 776 2511 lluvn.
796 2455 820 2508 l.
847 2454 899 2510 Gn.
916 2455 942 2510 7.
968 2454 1019 2528 lug.
1044 2473 1155 2526 omnes,
1180 2460 1226 2529 qui
1250 2459 1295 2515 hie

249 2540 373 2595 lacnuo'si
397 2552 451 2591 neu
471 2545 548 2603 sunt,
572 2537 669 2608 Steph.
687 2538 782 2592 humb.
801 2538 899 2593 Muell.
917 2537 968 2594 Or.
988 2539 1072 2597 lienr.
1108 2561 1221 2614 queque
1239 2562 1291 2598 om.

250 2626 340 2681 lluvn.
357 2623 382 2678 1.
409 2619 465 2678 (lx.
483 2638 578 2675 omnes
602 2631 630 2676 et
647 2623 732 2693 vulgo
749 2631 813 2694 post
829 2623 984 2680 Gruterum.
1003 2652 1039 2669 ν-
1068 2630 1293 2700 scriptitantem]

249 2711 492 2782 scriptitamus!
509 2704 560 2777 Lg.
577 2705 620 2762 ul.

152 2792 158 2797 '
333 2791 376 2844 59
411 2788 490 2844 netu
505 2790 606 2859 aliud}
625 2791 671 2845 scil
686 2790 771 2845 aliud
788 2791 838 2862 Lg.
854 2791 895 2846 15.
907 2793 950 2849 93.
968 2793 1011 2848 69.
1030 2793 1071 2849 76
1088 2794 1131 2850 93.
1153 2793 1205 2850 Gn.
1223 2795 1246 2851 1.
1260 2827 1292 2838 -

249 2874 468 2942 Romanarum]
488 2872 687 2929 humanarum
703 2874 754 2946 lag.
766 2876 791 2930 3.
806 2875 847 2931 16,
862 2877 905 2932 93.
919 2877 962 2933 67.
981 2878 1021 2932 73.
1038 2908 1074 2917 -
1090 2877 1129 2953 Ρ.
1142 2877 1292 2952 Macipm]

249 2976 275 3034 q.
284 2980 318 3035 p.
331 2963 459 3014 mutium
475 2957 526 3014 Gn.
539 2959 599 3015 19.
630 2960 659 3015 C.
678 2979 700 3016 s.
720 2959 753 3014 G.
771 2964 899 3015 mutiam
918 2962 988 3018 Vici.
1007 2961 1056 3034 ng.
1073 2981 1167 3018 omnes
1181 2976 1293 3035 praeter

245 3047 289 3108 14.
307 3046 349 3100 id.
367 3044 409 3099 93.
432 3073 462 3086 ·-
483 3046 591 3113 amnis]
608 3046 703 3115 scripsi
720 3055 829 3099 secutus
846 3044 897 3116 Lg.
916 3044 941 3101 3.
960 3046 985 3102 5.
1004 3048 1107 3104 1619.
1126 3048 1168 3105 85.
1187 3043 1229 3105 67.
1248 3051 1291 3107 76.

248 3132 290 3187 73.
307 3129 349 3186 84.
368 3129 411 3184 86.
431 3156 468 3169 -v
493 3129 659 3185 mandabat
677 3130 784 3199 literis]
808 3147 860 3184 cm.
880 3129 950 3185 Vict.
975 3131 1074 3186 literis
1091 3149 1146 3188 uno
1165 3139 1178 3187 t
1196 3133 1246 3206 ng.
1264 3134 1290 3189 3.

249 3210 350 3270 1417.
372 3212 415 3268 81.
433 3212 476 3266 93.
500 3242 536 3287 '.'‘
564 3214 729 3284 referebat]
756 3214 824 3269 haec
843 3214 966 3269 hamhini
992 3217 1150 3272 coniectura
1172 3219 1290 3272 omniurn

246 3300 306 3354 iere
328 3300 454 3370 plausum
472 3298 540 3352 tulit
576 3297 651 3354 Libri
674 3298 831 3368 efferebam
853 3290 889 3352 ex'
906 3299 1032 3370 optimis,
1054 3302 1078 3354 sl
1095 3302 1219 3356 lacuucsi
1236 3319 1291 3356 non

248 3392 355 3449 essent,
379 3382 495 3436 tommo
515 3383 619 3453 aliquid
636 3383 766 3454 praesidii
787 3385 844 3453 peti
863 3393 966 3454 posset.
983 3412 1020 3425 ·-
1048 3383 1159 3454 aldum]
1184 3388 1291 3441 additur

246 3469 275 3523 iu
298 3467 348 3540 Lg.
366 3465 415 3520 73:
436 3472 563 3539 proprie
585 3465 703 3531 tabula,
723 3453 778 3521 'aedi
793 3484 846 3540 po.
870 3486 894 3523 e.
920 3467 1124 3523 scribebantur
1148 3474 1291 3536 actiones,
1366 3520 1370 3525 ,

246 3555 365 3610 fortasse
388 3570 424 3607 cx
441 3550 553 3606 scholiis
573 3550 717 3622 Gusparini
734 3551 865 3607 Buraiaii.
883 3581 919 3593 ·-
947 3553 1055 3621 altum]
1078 3553 1150 3608 Vict.
1168 3571 1238 3610 carr.
1256 3584 1291 3594 -

246 3644 273 3695 it
288 3639 356 3710 qui]
381 3635 470 3708 hique
492 3634 544 3708 hg.
562 3635 604 3692 ut).
622 3636 665 3690 93.
683 3635 778 3692 Lamo.
815 3635 849 3690 Iti
868 3640 922 3708 qui
941 3636 983 3692 ul.
1001 3637 1043 3692 94.
1061 3636 1104 3693 65.
1123 3638 1165 3692 79.
1186 3638 1227 3694 73.
1247 3638 1292 3699 76,

245 3725 288 3780 84.
306 3723 350 3778 86.
377 3722 457 3791 iique
474 3721 516 3776 36.
543 3719 589 3775 lii
603 3721 646 3778 67.
671 3719 706 3776 V.
723 3719 759 3774 sd
776 3719 797 3777 1.
815 3721 856 3789 14,
871 3721 915 3777 itt.
936 3752 967 3763 -
988 3722 1094 3790 eiiam]
1111 3739 1164 3777 om.
1183 3721 1232 3794 ng.
1247 3723 1291 3779 93.

333 3806 375 3860 59.
411 3807 613 3874 monumenta]
639 3810 821 3860 monimenta
849 3805 898 3877 Lg.
926 3815 1038 3877 praeter
1063 3806 1089 3861 6.
1114 3806 1154 3861 14.
1179 3807 1220 3861 86.
1246 3806 1289 3863 35.

245 3888 288 3944 81.
306 3888 349 3943 84.
367 3889 409 3942 93.
430 3916 461 3929 -
485 3894 694 3960 poetarumque
710 3892 821 3959 rmum]
838 3892 894 3946 inv.
913 3890 965 3962 lug.
982 3890 1024 3945 35.
1042 3918 1078 3931 -
1102 3888 1290 3960 Pherecydes

134 4037 140 4046 ¹
245 3971 420 4026 Hellanicus
430 3969 577 4044 Acusilas]
591 3974 748 4044 ineptissimi
760 3991 868 4027 errores
881 3974 1074 4044 plerorumque
1085 3974 1215 4028 librorum
1225 3982 1290 4028 shut

245 4057 272 4107 in
290 4054 332 4106 his
349 4054 508 4108 nominihus.
525 4080 561 4093 -—
585 4059 717 4126 ornetur]
740 4058 780 4110 sic
796 4055 853 4110 llrt.
875 4056 903 4141 ¹⁸,
923 4057 973 4128 ng.
994 4066 1105 4128 praeter
1122 4056 1165 4111 36.
1183 4055 1225 4111 81.
1243 4058 1287 4116 st.

246 4152 354 4202 omnes,
378 4137 440 4192 edd.
464 4137 547 4205 antiq.
571 4137 666 4197 Lamh.
689 4140 771 4196 llenr.
814 4140 871 4194 Sed
891 4141 1036 4211 vulgatum,
1053 4146 1179 4196 meatur
1200 4140 1288 4197 nihilo
