<?xml version="1.0" encoding="UTF-8"?>
<!DOCTYPE html PUBLIC "-//W3C//DTD XHTML 1.0 Transitional//EN"
    "http://www.w3.org/TR/xhtml1/DTD/xhtml1-transitional.dtd">
<html xmlns="http://www.w3.org/1999/xhtml" xml:lang="en" lang="en">
 <head>
  <title>
</title>
<meta http-equiv="Content-Type" content="text/html;charset=utf-8" />
  <meta name='ocr-system' content='tesseract 3.04.00' />
  <meta name='ocr-capabilities' content='ocr_page ocr_carea ocr_par ocr_line ocrx_word'/>
</head>
<body>
  <div class='ocr_page' id='page_1' title='image "./mtulliciceronis00ellegoog/mtulliciceronis00ellegoog_0055.png"; bbox 0 0 2968 4596; ppageno 0'>
   <div class='ocr_carea' id='block_1_1' title="bbox 273 290 963 368">
    <p class='ocr_par' dir='ltr' id='par_1_1' title="bbox 273 290 963 368">
     <span class='ocr_line' id='line_1_1' title="bbox 273 290 963 368; baseline -0.016 0"><span class='ocrx_word' id='word_1_1' title='bbox 273 298 338 368; x_wconf 69' lang='lat'>24</span> <span class='ocrx_word' id='word_1_2' title='bbox 707 290 963 360; x_wconf 83' lang='lat' dir='ltr'>CICERONIS</span> 
     </span>
    </p>
   </div>
   <div class='ocr_carea' id='block_1_2' title="bbox 273 454 1323 1255">
    <p class='ocr_par' dir='ltr' id='par_1_2' title="bbox 273 454 1323 1255">
     <span class='ocr_line' id='line_1_2' title="bbox 273 454 1319 549; baseline -0.004 -19"><span class='ocrx_word' id='word_1_3' title='bbox 273 464 427 531; x_wconf 86' lang='lat' dir='ltr'>sermonis</span> <span class='ocrx_word' id='word_1_4' title='bbox 454 473 485 529; x_wconf 88' lang='lat' dir='ltr'>et</span> <span class='ocrx_word' id='word_1_5' title='bbox 507 461 707 529; x_wconf 86' lang='lat' dir='ltr'>humanitatis</span> <span class='ocrx_word' id='word_1_6' title='bbox 732 482 805 528; x_wconf 88' lang='lat' dir='ltr'>esse</span> <span class='ocrx_word' id='word_1_7' title='bbox 825 454 1004 549; x_wconf 87' lang='lat' dir='ltr'>perlectum.</span> <span class='ocrx_word' id='word_1_8' title='bbox 1052 461 1104 527; x_wconf 86' lang='grc'>36.</span> <span class='ocrx_word' id='word_1_9' title='bbox 1132 459 1210 539; x_wconf 86' lang='lat' dir='ltr'>Quis</span> <span class='ocrx_word' id='word_1_10' title='bbox 1233 462 1319 526; x_wconf 87' lang='lat' dir='ltr'>enirn</span> 
     </span>
     <span class='ocr_line' id='line_1_3' title="bbox 273 574 1320 666; baseline -0.007 -17"><span class='ocrx_word' id='word_1_11' title='bbox 273 581 329 649; x_wconf 88' lang='lat' dir='ltr'>tibi</span> <span class='ocrx_word' id='word_1_12' title='bbox 349 581 410 648; x_wconf 89' lang='lat' dir='ltr'>hoc</span> <span class='ocrx_word' id='word_1_13' title='bbox 432 583 625 648; x_wconf 71' lang='lat' dir='ltr'><strong>concesserit</strong></span> <span class='ocrx_word' id='word_1_14' title='bbox 646 590 698 646; x_wconf 91' lang='lat' dir='ltr'>aut</span> <span class='ocrx_word' id='word_1_15' title='bbox 718 583 807 647; x_wconf 90' lang='lat' dir='ltr'>initio</span> <span class='ocrx_word' id='word_1_16' title='bbox 823 600 923 666; x_wconf 80' lang='lat' dir='ltr'>genus</span> <span class='ocrx_word' id='word_1_17' title='bbox 937 575 1095 645; x_wconf 89' lang='lat' dir='ltr'>hominum</span> <span class='ocrx_word' id='word_1_18' title='bbox 1111 574 1145 644; x_wconf 88' lang='lat' dir='ltr'>in</span> <span class='ocrx_word' id='word_1_19' title='bbox 1161 578 1320 645; x_wconf 81' lang='lat' dir='ltr'>montibus</span> 
     </span>
     <span class='ocr_line' id='line_1_4' title="bbox 275 696 1321 786; baseline -0.005 -20"><span class='ocrx_word' id='word_1_20' title='bbox 275 720 314 766; x_wconf 90' lang='lat' dir='ltr'>ac</span> <span class='ocrx_word' id='word_1_21' title='bbox 341 699 430 766; x_wconf 88' lang='lat' dir='ltr'>silvis</span> <span class='ocrx_word' id='word_1_22' title='bbox 457 699 641 786; x_wconf 89' lang='lat' dir='ltr'>dissipatum</span> <span class='ocrx_word' id='word_1_23' title='bbox 661 719 724 765; x_wconf 93' lang='lat' dir='ltr'>non</span> <span class='ocrx_word' id='word_1_24' title='bbox 745 699 939 786; x_wconf 89' lang='lat' dir='ltr'>prudentium</span> <span class='ocrx_word' id='word_1_25' title='bbox 961 698 1104 765; x_wconf 90' lang='lat' dir='ltr'>consiliis</span> <span class='ocrx_word' id='word_1_26' title='bbox 1126 696 1321 782; x_wconf 87' lang='lat' dir='ltr'>compulsam</span> 
     </span>
     <span class='ocr_line' id='line_1_5' title="bbox 274 810 1321 903; baseline -0.004 -21"><span class='ocrx_word' id='word_1_27' title='bbox 274 817 390 903; x_wconf 86' lang='lat' dir='ltr'>potius,</span> <span class='ocrx_word' id='word_1_28' title='bbox 423 836 515 902; x_wconf 86' lang='lat' dir='ltr'>quam</span> <span class='ocrx_word' id='word_1_29' title='bbox 546 810 732 883; x_wconf 86' lang='lat' dir='ltr'>diserlorum</span> <span class='ocrx_word' id='word_1_30' title='bbox 764 818 905 883; x_wconf 91' lang='lat' dir='ltr'>oratione</span> <span class='ocrx_word' id='word_1_31' title='bbox 938 816 1106 881; x_wconf 88' lang='lat' dir='ltr'>delenitum</span> <span class='ocrx_word' id='word_1_32' title='bbox 1133 834 1168 879; x_wconf 88' lang='grc'>33</span> <span class='ocrx_word' id='word_1_33' title='bbox 1197 813 1321 900; x_wconf 87' lang='lat' dir='ltr'><strong>oppidis</strong></span> 
     </span>
     <span class='ocr_line' id='line_1_6' title="bbox 274 931 1323 1021; baseline -0.005 -20"><span class='ocrx_word' id='word_1_34' title='bbox 274 932 498 1020; x_wconf 80' lang='lat' dir='ltr'><strong>moenibusque</strong></span> <span class='ocrx_word' id='word_1_35' title='bbox 527 936 709 1021; x_wconf 80' lang='lat' dir='ltr'>saepsisset</span> <span class='ocrx_word' id='word_1_36' title='bbox 743 943 795 999; x_wconf 93' lang='lat' dir='ltr'>aut</span> <span class='ocrx_word' id='word_1_37' title='bbox 819 953 896 1001; x_wconf 84' lang='lat' dir='ltr'>uero</span> <span class='ocrx_word' id='word_1_38' title='bbox 923 934 1062 1019; x_wconf 86' lang='lat' dir='ltr'>reliquas</span> <span class='ocrx_word' id='word_1_39' title='bbox 1088 931 1239 998; x_wconf 81' lang='lat' dir='ltr'>utilitates</span> <span class='ocrx_word' id='word_1_40' title='bbox 1267 939 1323 996; x_wconf 88' lang='lat' dir='ltr'>aut</span> 
     </span>
     <span class='ocr_line' id='line_1_7' title="bbox 275 1049 1322 1122; baseline -0.004 -5"><span class='ocrx_word' id='word_1_41' title='bbox 275 1052 309 1117; x_wconf 90' lang='lat' dir='ltr'>in</span> <span class='ocrx_word' id='word_1_42' title='bbox 330 1051 554 1118; x_wconf 82' lang='lat' dir='ltr'>constituendis</span> <span class='ocrx_word' id='word_1_43' title='bbox 577 1061 630 1118; x_wconf 87' lang='lat' dir='ltr'>aut</span> <span class='ocrx_word' id='word_1_44' title='bbox 651 1054 684 1119; x_wconf 90' lang='lat' dir='ltr'>in</span> <span class='ocrx_word' id='word_1_45' title='bbox 705 1051 931 1122; x_wconf 78' lang='lat' dir='ltr'>conservandis</span> <span class='ocrx_word' id='word_1_46' title='bbox 953 1049 1129 1118; x_wconf 78' lang='lat' dir='ltr'>ciuitatibus</span> <span class='ocrx_word' id='word_1_47' title='bbox 1150 1069 1214 1115; x_wconf 93' lang='lat' dir='ltr'>non</span> <span class='ocrx_word' id='word_1_48' title='bbox 1231 1068 1251 1114; x_wconf 92' lang='lat' dir='ltr'>a</span> <span class='ocrx_word' id='word_1_49' title='bbox 1266 1067 1322 1113; x_wconf 88' lang='lat' dir='ltr'>sa-</span> 
     </span>
     <span class='ocr_line' id='line_1_8' title="bbox 276 1165 1323 1255; baseline -0.003 -22"><span class='ocrx_word' id='word_1_50' title='bbox 276 1167 432 1255; x_wconf 88' lang='lat' dir='ltr'>pientibus</span> <span class='ocrx_word' id='word_1_51' title='bbox 459 1180 490 1236; x_wconf 91' lang='lat' dir='ltr'>et</span> <span class='ocrx_word' id='word_1_52' title='bbox 515 1168 648 1236; x_wconf 83' lang='lat' dir='ltr'>sortibus</span> <span class='ocrx_word' id='word_1_53' title='bbox 674 1170 766 1246; x_wconf 86' lang='lat' dir='ltr'>viris,</span> <span class='ocrx_word' id='word_1_54' title='bbox 793 1169 852 1235; x_wconf 89' lang='lat' dir='ltr'>sed</span> <span class='ocrx_word' id='word_1_55' title='bbox 878 1189 898 1236; x_wconf 88' lang='lat' dir='ltr'>a</span> <span class='ocrx_word' id='word_1_56' title='bbox 924 1169 1050 1234; x_wconf 86' lang='lat' dir='ltr'>disertis</span> <span class='ocrx_word' id='word_1_57' title='bbox 1076 1177 1246 1253; x_wconf 90' lang='lat' dir='ltr'>ornateque</span> <span class='ocrx_word' id='word_1_58' title='bbox 1273 1165 1323 1231; x_wconf 72' lang='lat' dir='ltr'>di-</span> 
     </span>
    </p>
   </div>
   <div class='ocr_carea' id='block_1_3' title="bbox 276 1381 1324 1443">
    <p class='ocr_par' dir='ltr' id='par_1_3' title="bbox 276 1381 1324 1443">
     <span class='ocr_line' id='line_1_9' title="bbox 276 1381 1324 1443; baseline -0.004 -5"><span class='ocrx_word' id='word_1_59' title='bbox 276 1384 318 1440; x_wconf 88' lang='grc'>63.</span> <span class='ocrx_word' id='word_1_60' title='bbox 339 1385 372 1438; x_wconf 92' lang='grc'>64</span> <span class='ocrx_word' id='word_1_61' title='bbox 391 1403 460 1440; x_wconf 87' lang='lat' dir='ltr'>corr.</span> <span class='ocrx_word' id='word_1_62' title='bbox 480 1385 522 1440; x_wconf 94' lang='grc'>36.</span> <span class='ocrx_word' id='word_1_63' title='bbox 541 1385 585 1441; x_wconf 92' lang='grc'>65.</span> <span class='ocrx_word' id='word_1_64' title='bbox 603 1384 645 1443; x_wconf 83' lang='grc'>61.</span> <span class='ocrx_word' id='word_1_65' title='bbox 664 1385 708 1439; x_wconf 91' lang='grc'>64.</span> <span class='ocrx_word' id='word_1_66' title='bbox 725 1384 768 1440; x_wconf 91' lang='grc'>66.</span> <span class='ocrx_word' id='word_1_67' title='bbox 790 1385 841 1441; x_wconf 89' lang='lat' dir='ltr'>Ga.</span> <span class='ocrx_word' id='word_1_68' title='bbox 860 1385 884 1441; x_wconf 92' lang='grc'>3.</span> <span class='ocrx_word' id='word_1_69' title='bbox 912 1386 950 1438; x_wconf 85' lang='grc'>113</span> <span class='ocrx_word' id='word_1_70' title='bbox 969 1402 1039 1440; x_wconf 87' lang='lat' dir='ltr'>corr.</span> <span class='ocrx_word' id='word_1_71' title='bbox 1058 1384 1099 1440; x_wconf 91' lang='grc'>36.</span> <span class='ocrx_word' id='word_1_72' title='bbox 1134 1383 1179 1438; x_wconf 79' lang='lat' dir='ltr'>Ex</span> <span class='ocrx_word' id='word_1_73' title='bbox 1196 1388 1230 1436; x_wconf 83' lang='grc'>31</span> <span class='ocrx_word' id='word_1_74' title='bbox 1249 1381 1324 1435; x_wconf 84' lang='grc'><strong>13313</strong></span> 
     </span>
    </p>
   </div>
   <div class='ocr_carea' id='block_1_4' title="bbox 271 1466 1386 2982">
    <p class='ocr_par' dir='ltr' id='par_1_4' title="bbox 271 1466 1326 2130">
     <span class='ocr_line' id='line_1_10' title="bbox 277 1466 1324 1535; baseline -0.001 -13"><span class='ocrx_word' id='word_1_75' title='bbox 277 1476 345 1534; x_wconf 83' lang='lat' dir='ltr'>aui,</span> <span class='ocrx_word' id='word_1_76' title='bbox 376 1468 464 1535; x_wconf 80' lang='lat' dir='ltr'>dani,</span> <span class='ocrx_word' id='word_1_77' title='bbox 494 1469 590 1535; x_wconf 78' lang='lat' dir='ltr'>land,</span> <span class='ocrx_word' id='word_1_78' title='bbox 620 1478 648 1524; x_wconf 88' lang='lat' dir='ltr'>et</span> <span class='ocrx_word' id='word_1_79' title='bbox 671 1489 688 1525; x_wconf 87' lang='lat' dir='ltr'>a</span> <span class='ocrx_word' id='word_1_80' title='bbox 711 1479 865 1524; x_wconf 90' lang='lat' dir='ltr'>correctore</span> <span class='ocrx_word' id='word_1_81' title='bbox 889 1470 977 1523; x_wconf 86' lang='lat' dir='ltr'>rnendi</span> <span class='ocrx_word' id='word_1_82' title='bbox 1001 1470 1091 1522; x_wconf 84' lang='lat' dir='ltr'>loturo</span> <span class='ocrx_word' id='word_1_83' title='bbox 1109 1485 1158 1523; x_wconf 84' lang='lat' dir='ltr'>an.</span> <span class='ocrx_word' id='word_1_84' title='bbox 1194 1466 1324 1521; x_wconf 83' lang='lat' dir='ltr'>Ceterum</span> 
     </span>
     <span class='ocr_line' id='line_1_11' title="bbox 271 1551 1324 1626; baseline -0.002 -20"><span class='ocrx_word' id='word_1_85' title='bbox 271 1558 390 1626; x_wconf 78' lang='lat' dir='ltr'>possim</span> <span class='ocrx_word' id='word_1_86' title='bbox 413 1555 468 1609; x_wconf 83' lang='lat' dir='ltr'>iidi</span> <span class='ocrx_word' id='word_1_87' title='bbox 496 1554 547 1610; x_wconf 92' lang='lat' dir='ltr'>Gu.</span> <span class='ocrx_word' id='word_1_88' title='bbox 569 1556 592 1610; x_wconf 92' lang='grc'>1.</span> <span class='ocrx_word' id='word_1_89' title='bbox 609 1583 645 1599; x_wconf 86' lang='lat'>·-·</span> <span class='ocrx_word' id='word_1_90' title='bbox 678 1554 879 1626; x_wconf 82' lang='lat' dir='ltr'>conserentes]</span> <span class='ocrx_word' id='word_1_91' title='bbox 904 1560 1037 1608; x_wconf 79' lang='lat' dir='ltr'>seruatos</span> <span class='ocrx_word' id='word_1_92' title='bbox 1058 1554 1128 1610; x_wconf 88' lang='lat' dir='ltr'>Vict.</span> <span class='ocrx_word' id='word_1_93' title='bbox 1147 1581 1184 1595; x_wconf 55' lang='grc' dir='ltr'>κ-</span> <span class='ocrx_word' id='word_1_94' title='bbox 1218 1551 1324 1621; x_wconf 82' lang='lat' dir='ltr'>initia]</span> 
     </span>
     <span class='ocr_line' id='line_1_12' title="bbox 278 1636 1324 1715; baseline -0.003 -23"><span class='ocrx_word' id='word_1_95' title='bbox 278 1638 316 1692; x_wconf 85' lang='lat' dir='ltr'>ad</span> <span class='ocrx_word' id='word_1_96' title='bbox 336 1642 423 1694; x_wconf 83' lang='lat' dir='ltr'>initio</span> <span class='ocrx_word' id='word_1_97' title='bbox 449 1639 500 1715; x_wconf 64' lang='lat' dir='ltr'><strong>Ing.</strong></span> <span class='ocrx_word' id='word_1_98' title='bbox 525 1648 635 1711; x_wconf 86' lang='lat' dir='ltr'>praeter</span> <span class='ocrx_word' id='word_1_99' title='bbox 659 1640 774 1710; x_wconf 86' lang='lat' dir='ltr'>optimos</span> <span class='ocrx_word' id='word_1_100' title='bbox 799 1640 823 1695; x_wconf 86' lang='grc'>6.</span> <span class='ocrx_word' id='word_1_101' title='bbox 842 1643 867 1694; x_wconf 89' lang='grc'>4.</span> <span class='ocrx_word' id='word_1_102' title='bbox 888 1639 927 1694; x_wconf 91' lang='grc'>13.</span> <span class='ocrx_word' id='word_1_103' title='bbox 946 1638 981 1693; x_wconf 91' lang='grc'>36</span> <span class='ocrx_word' id='word_1_104' title='bbox 999 1640 1063 1693; x_wconf 90' lang='lat' dir='ltr'>add.</span> <span class='ocrx_word' id='word_1_105' title='bbox 1087 1639 1121 1692; x_wconf 91' lang='grc'>36</span> <span class='ocrx_word' id='word_1_106' title='bbox 1138 1637 1200 1694; x_wconf 86' lang='lat' dir='ltr'>odd.</span> <span class='ocrx_word' id='word_1_107' title='bbox 1222 1636 1257 1690; x_wconf 90' lang='grc'>64</span> <span class='ocrx_word' id='word_1_108' title='bbox 1276 1654 1324 1689; x_wconf 78' lang='lat' dir='ltr'>en·</span> 
     </span>
     <span class='ocr_line' id='line_1_13' title="bbox 277 1720 1323 1796; baseline -0.001 -19"><span class='ocrx_word' id='word_1_109' title='bbox 277 1740 359 1795; x_wconf 77' lang='lat' dir='ltr'>pung.</span> <span class='ocrx_word' id='word_1_110' title='bbox 385 1724 448 1778; x_wconf 86' lang='lat' dir='ltr'>item</span> <span class='ocrx_word' id='word_1_111' title='bbox 472 1724 570 1780; x_wconf 74' lang='grc'><strong>(13.3.</strong></span> <span class='ocrx_word' id='word_1_112' title='bbox 595 1754 630 1768; x_wconf 77' lang='lat'><em>-</em></span> <span class='ocrx_word' id='word_1_113' title='bbox 665 1725 813 1796; x_wconf 81' lang='lat' dir='ltr'>contione]</span> <span class='ocrx_word' id='word_1_114' title='bbox 841 1726 881 1778; x_wconf 88' lang='lat' dir='ltr'>sic</span> <span class='ocrx_word' id='word_1_115' title='bbox 905 1724 954 1796; x_wconf 75' lang='lat' dir='ltr'>ng.</span> <span class='ocrx_word' id='word_1_116' title='bbox 975 1724 1015 1778; x_wconf 88' lang='grc'>13.</span> <span class='ocrx_word' id='word_1_117' title='bbox 1035 1724 1075 1779; x_wconf 90' lang='grc'>14.</span> <span class='ocrx_word' id='word_1_118' title='bbox 1096 1722 1136 1778; x_wconf 88' lang='grc'>16.</span> <span class='ocrx_word' id='word_1_119' title='bbox 1155 1721 1196 1777; x_wconf 84' lang='grc'>63,</span> <span class='ocrx_word' id='word_1_120' title='bbox 1215 1720 1258 1778; x_wconf 91' lang='grc'>61.</span> <span class='ocrx_word' id='word_1_121' title='bbox 1278 1720 1323 1776; x_wconf 88' lang='grc'>35.</span> 
     </span>
     <span class='ocr_line' id='line_1_14' title="bbox 276 1806 1323 1865; baseline 0.001 -4"><span class='ocrx_word' id='word_1_122' title='bbox 276 1806 319 1862; x_wconf 90' lang='grc'>65.</span> <span class='ocrx_word' id='word_1_123' title='bbox 339 1809 380 1864; x_wconf 84' lang='grc'>73.</span> <span class='ocrx_word' id='word_1_124' title='bbox 400 1809 441 1865; x_wconf 89' lang='grc'>73.</span> <span class='ocrx_word' id='word_1_125' title='bbox 461 1809 501 1865; x_wconf 87' lang='grc'>76.</span> <span class='ocrx_word' id='word_1_126' title='bbox 520 1810 556 1863; x_wconf 91' lang='grc'>64</span> <span class='ocrx_word' id='word_1_127' title='bbox 579 1827 648 1865; x_wconf 85' lang='lat' dir='ltr'>corr.</span> <span class='ocrx_word' id='word_1_128' title='bbox 674 1809 716 1865; x_wconf 89' lang='grc'>66.</span> <span class='ocrx_word' id='word_1_129' title='bbox 736 1810 777 1864; x_wconf 86' lang='grc'>33.</span> <span class='ocrx_word' id='word_1_130' title='bbox 800 1809 851 1865; x_wconf 88' lang='lat' dir='ltr'>Gu.</span> <span class='ocrx_word' id='word_1_131' title='bbox 872 1810 896 1865; x_wconf 91' lang='grc'>1.</span> <span class='ocrx_word' id='word_1_132' title='bbox 932 1813 1050 1862; x_wconf 86' lang='lat' dir='ltr'>contine</span> <span class='ocrx_word' id='word_1_133' title='bbox 1074 1808 1108 1862; x_wconf 88' lang='grc'>36</span> <span class='ocrx_word' id='word_1_134' title='bbox 1131 1824 1201 1861; x_wconf 89' lang='lat' dir='ltr'>corr.</span> <span class='ocrx_word' id='word_1_135' title='bbox 1226 1814 1256 1859; x_wconf 91' lang='lat' dir='ltr'>ut</span> <span class='ocrx_word' id='word_1_136' title='bbox 1280 1806 1323 1862; x_wconf 88' lang='grc'>13.</span> 
     </span>
     <span class='ocr_line' id='line_1_15' title="bbox 278 1889 1324 1963; baseline -0.003 -16"><span class='ocrx_word' id='word_1_137' title='bbox 278 1897 430 1947; x_wconf 77' lang='lat' dir='ltr'>conatione</span> <span class='ocrx_word' id='word_1_138' title='bbox 446 1895 489 1950; x_wconf 84' lang='grc'>61.</span> <span class='ocrx_word' id='word_1_139' title='bbox 521 1894 733 1949; x_wconf 69' lang='lat' dir='ltr'>concionemi.</span> <span class='ocrx_word' id='word_1_140' title='bbox 754 1910 823 1950; x_wconf 87' lang='lat' dir='ltr'>corr.</span> <span class='ocrx_word' id='word_1_141' title='bbox 844 1895 932 1948; x_wconf 86' lang='grc'><strong>3113.</strong></span> <span class='ocrx_word' id='word_1_142' title='bbox 967 1894 1081 1948; x_wconf 80' lang='lat' dir='ltr'>Rectam</span> <span class='ocrx_word' id='word_1_143' title='bbox 1098 1892 1259 1963; x_wconf 88' lang='lat' dir='ltr'>scripturam</span> <span class='ocrx_word' id='word_1_144' title='bbox 1275 1889 1324 1944; x_wconf 82' lang='lat' dir='ltr'>fir-</span> 
     </span>
     <span class='ocr_line' id='line_1_16' title="bbox 277 1974 1326 2050; baseline 0 -22"><span class='ocrx_word' id='word_1_145' title='bbox 277 1986 351 2030; x_wconf 90' lang='lat' dir='ltr'>mant</span> <span class='ocrx_word' id='word_1_146' title='bbox 374 1978 576 2048; x_wconf 79' lang='lat' dir='ltr'>inscriptlones3</span> <span class='ocrx_word' id='word_1_147' title='bbox 599 1995 626 2034; x_wconf 90' lang='lat' dir='ltr'><strong>v.</strong></span> <span class='ocrx_word' id='word_1_148' title='bbox 650 1979 803 2050; x_wconf 77' lang='lat' dir='ltr'>Heusinger</span> <span class='ocrx_word' id='word_1_149' title='bbox 826 1979 862 2033; x_wconf 88' lang='grc'>36</span> <span class='ocrx_word' id='word_1_150' title='bbox 886 1978 985 2033; x_wconf 81' lang='lat' dir='ltr'>Cellar.</span> <span class='ocrx_word' id='word_1_151' title='bbox 1009 1976 1138 2049; x_wconf 79' lang='lat' dir='ltr'>Ortlnogr.</span> <span class='ocrx_word' id='word_1_152' title='bbox 1161 1995 1188 2047; x_wconf 88' lang='lat' dir='ltr'>p.</span> <span class='ocrx_word' id='word_1_153' title='bbox 1208 1974 1266 2030; x_wconf 85' lang='grc'><strong>616.</strong></span> <span class='ocrx_word' id='word_1_154' title='bbox 1288 2003 1326 2020; x_wconf 66' lang='grc' dir='ltr'>-ι</span> 
     </span>
     <span class='ocr_line' id='line_1_17' title="bbox 278 2060 574 2130; baseline 0.014 -17"><span class='ocrx_word' id='word_1_155' title='bbox 278 2060 378 2130; x_wconf 85' lang='lat' dir='ltr'>omni]</span> <span class='ocrx_word' id='word_1_156' title='bbox 406 2078 457 2116; x_wconf 89' lang='lat' dir='ltr'>om.</span> <span class='ocrx_word' id='word_1_157' title='bbox 480 2062 531 2118; x_wconf 86' lang='lat' dir='ltr'>Gn.</span> <span class='ocrx_word' id='word_1_158' title='bbox 549 2063 574 2118; x_wconf 91' lang='grc'>3.</span> 
     </span>
    </p>

    <p class='ocr_par' dir='ltr' id='par_1_5' title="bbox 273 2140 1386 2982">
     <span class='ocr_line' id='line_1_18' title="bbox 297 2140 1325 2219; baseline 0.001 -22"><span class='ocrx_word' id='word_1_159' title='bbox 297 2208 299 2213; x_wconf 68' lang='lat'>,</span> <span class='ocrx_word' id='word_1_160' title='bbox 364 2144 406 2200; x_wconf 91' lang='grc'>36.</span> <span class='ocrx_word' id='word_1_161' title='bbox 443 2148 633 2219; x_wconf 72' lang='lat' dir='ltr'>oppresserit]</span> <span class='ocrx_word' id='word_1_162' title='bbox 652 2150 832 2203; x_wconf 76' lang='lat' dir='ltr'>consenserit</span> <span class='ocrx_word' id='word_1_163' title='bbox 851 2146 902 2202; x_wconf 87' lang='lat' dir='ltr'>Gu.</span> <span class='ocrx_word' id='word_1_164' title='bbox 916 2147 940 2202; x_wconf 90' lang='grc'>3.</span> <span class='ocrx_word' id='word_1_165' title='bbox 957 2176 993 2189; x_wconf 80' lang='lat'><em>-</em></span> <span class='ocrx_word' id='word_1_166' title='bbox 1020 2146 1086 2217; x_wconf 84' lang='lat' dir='ltr'>ani]</span> <span class='ocrx_word' id='word_1_167' title='bbox 1104 2140 1271 2200; x_wconf 72' lang='grc'><strong>63361631.</strong></span> <span class='ocrx_word' id='word_1_168' title='bbox 1287 2173 1325 2189; x_wconf 86' lang='lat'>·-</span> 
     </span>
     <span class='ocr_line' id='line_1_19' title="bbox 278 2228 1325 2305; baseline 0 -23"><span class='ocrx_word' id='word_1_169' title='bbox 278 2245 316 2283; x_wconf 84' lang='lat' dir='ltr'>ec</span> <span class='ocrx_word' id='word_1_170' title='bbox 333 2228 428 2302; x_wconf 82' lang='lat' dir='ltr'>silvis]</span> <span class='ocrx_word' id='word_1_171' title='bbox 456 2238 509 2286; x_wconf 87' lang='lat' dir='ltr'>ent</span> <span class='ocrx_word' id='word_1_172' title='bbox 534 2231 617 2287; x_wconf 84' lang='lat' dir='ltr'>silvis</span> <span class='ocrx_word' id='word_1_173' title='bbox 639 2232 688 2305; x_wconf 85' lang='lat' dir='ltr'><strong>Lg.</strong></span> <span class='ocrx_word' id='word_1_174' title='bbox 714 2233 757 2288; x_wconf 88' lang='grc'>64.</span> <span class='ocrx_word' id='word_1_175' title='bbox 781 2232 815 2287; x_wconf 88' lang='grc'>36</span> <span class='ocrx_word' id='word_1_176' title='bbox 837 2251 907 2288; x_wconf 89' lang='lat' dir='ltr'>corr.</span> <span class='ocrx_word' id='word_1_177' title='bbox 927 2232 970 2287; x_wconf 85' lang='grc'>63.</span> <span class='ocrx_word' id='word_1_178' title='bbox 988 2232 1030 2286; x_wconf 89' lang='grc'>66.</span> <span class='ocrx_word' id='word_1_179' title='bbox 1049 2260 1085 2275; x_wconf 78' lang='lat'>—-</span> <span class='ocrx_word' id='word_1_180' title='bbox 1116 2230 1325 2303; x_wconf 80' lang='lat' dir='ltr'>prudentiane]</span> 
     </span>
     <span class='ocr_line' id='line_1_20' title="bbox 273 2313 1328 2387; baseline 0.001 -20"><span class='ocrx_word' id='word_1_181' title='bbox 273 2313 457 2385; x_wconf 77' lang='lat' dir='ltr'>prudentem</span> <span class='ocrx_word' id='word_1_182' title='bbox 483 2315 533 2387; x_wconf 76' lang='lat' dir='ltr'>ug.</span> <span class='ocrx_word' id='word_1_183' title='bbox 557 2316 667 2374; x_wconf 86' lang='grc'><strong>65.·61.</strong></span> <span class='ocrx_word' id='word_1_184' title='bbox 704 2318 780 2372; x_wconf 90' lang='grc'><strong>11333</strong></span> <span class='ocrx_word' id='word_1_185' title='bbox 803 2318 950 2372; x_wconf 84' lang='grc'><strong>33333633</strong></span> <span class='ocrx_word' id='word_1_186' title='bbox 975 2317 1083 2370; x_wconf 82' lang='grc'><strong>3361333</strong></span> <span class='ocrx_word' id='word_1_187' title='bbox 1106 2314 1266 2379; x_wconf 88' lang='lat' dir='ltr'>iudicando,</span> <span class='ocrx_word' id='word_1_188' title='bbox 1295 2323 1328 2368; x_wconf 91' lang='lat' dir='ltr'>ut</span> 
     </span>
     <span class='ocr_line' id='line_1_21' title="bbox 278 2397 1326 2475; baseline -0.003 -21"><span class='ocrx_word' id='word_1_189' title='bbox 278 2405 354 2454; x_wconf 85' lang='lat' dir='ltr'>recte</span> <span class='ocrx_word' id='word_1_190' title='bbox 378 2401 563 2469; x_wconf 81' lang='lat' dir='ltr'>pronuntiavit</span> <span class='ocrx_word' id='word_1_191' title='bbox 589 2401 775 2475; x_wconf 69' lang='grc'><strong>63331333.</strong></span> <span class='ocrx_word' id='word_1_192' title='bbox 796 2404 978 2458; x_wconf 84' lang='lat' dir='ltr'>Schneiderus</span> <span class='ocrx_word' id='word_1_193' title='bbox 1003 2401 1049 2456; x_wconf 88' lang='lat' dir='ltr'>Gr.</span> <span class='ocrx_word' id='word_1_194' title='bbox 1064 2400 1124 2454; x_wconf 82' lang='lat' dir='ltr'>Lat.</span> <span class='ocrx_word' id='word_1_195' title='bbox 1138 2399 1157 2453; x_wconf 90' lang='lat' dir='ltr'>l.</span> <span class='ocrx_word' id='word_1_196' title='bbox 1171 2398 1194 2453; x_wconf 88' lang='grc'>6.</span> <span class='ocrx_word' id='word_1_197' title='bbox 1214 2416 1241 2469; x_wconf 88' lang='lat' dir='ltr'>p.</span> <span class='ocrx_word' id='word_1_198' title='bbox 1254 2397 1326 2465; x_wconf 63' lang='lat'>2493</span> 
     </span>
     <span class='ocr_line' id='line_1_22' title="bbox 278 2483 1327 2561; baseline 0.002 -26"><span class='ocrx_word' id='word_1_199' title='bbox 278 2499 330 2536; x_wconf 86' lang='lat' dir='ltr'>uec</span> <span class='ocrx_word' id='word_1_200' title='bbox 346 2485 477 2538; x_wconf 87' lang='lat' dir='ltr'>sectanda</span> <span class='ocrx_word' id='word_1_201' title='bbox 495 2484 692 2560; x_wconf 71' lang='lat' dir='ltr'>doepowdpmr</span> <span class='ocrx_word' id='word_1_202' title='bbox 709 2485 926 2561; x_wconf 74' lang='grc' dir='ltr'>φιλοσοφῆματα</span> <span class='ocrx_word' id='word_1_203' title='bbox 943 2486 979 2539; x_wconf 86' lang='grc'>63</span> <span class='ocrx_word' id='word_1_204' title='bbox 992 2484 1139 2556; x_wconf 84' lang='lat' dir='ltr'>participiis</span> <span class='ocrx_word' id='word_1_205' title='bbox 1154 2483 1327 2537; x_wconf 84' lang='lat' dir='ltr'>substantive</span> 
     </span>
     <span class='ocr_line' id='line_1_23' title="bbox 278 2567 1386 2644; baseline 0 -23"><span class='ocrx_word' id='word_1_206' title='bbox 278 2567 413 2621; x_wconf 79' lang='lat' dir='ltr'>dictis.·-</span> <span class='ocrx_word' id='word_1_207' title='bbox 437 2586 495 2624; x_wconf 85' lang='lat' dir='ltr'>non</span> <span class='ocrx_word' id='word_1_208' title='bbox 506 2572 593 2644; x_wconf 81' lang='lat' dir='ltr'>prud.</span> <span class='ocrx_word' id='word_1_209' title='bbox 612 2590 664 2628; x_wconf 91' lang='lat' dir='ltr'>om.</span> <span class='ocrx_word' id='word_1_210' title='bbox 679 2573 763 2629; x_wconf 68' lang='lat' dir='ltr'>Gne.</span> <span class='ocrx_word' id='word_1_211' title='bbox 782 2574 920 2642; x_wconf 84' lang='lat' dir='ltr'>habetque</span> <span class='ocrx_word' id='word_1_212' title='bbox 933 2570 1123 2625; x_wconf 71' lang='lat' dir='ltr'>conscilii.-</span> <span class='ocrx_word' id='word_1_213' title='bbox 1149 2568 1326 2639; x_wconf 84' lang='lat' dir='ltr'>delenitum]</span> <span class='ocrx_word' id='word_1_214' title='bbox 1382 2624 1386 2632; x_wconf 57' lang='grc'><strong>,</strong></span> 
     </span>
     <span class='ocr_line' id='line_1_24' title="bbox 278 2652 1327 2727; baseline 0 -20"><span class='ocrx_word' id='word_1_215' title='bbox 278 2652 330 2718; x_wconf 83' lang='lat' dir='ltr'>sle,</span> <span class='ocrx_word' id='word_1_216' title='bbox 345 2659 373 2706; x_wconf 88' lang='lat' dir='ltr'>ut</span> <span class='ocrx_word' id='word_1_217' title='bbox 385 2653 695 2727; x_wconf 60' lang='grc'><strong>11333.,133.4.13333.</strong></span> <span class='ocrx_word' id='word_1_218' title='bbox 709 2659 744 2712; x_wconf 90' lang='grc'>36</span> <span class='ocrx_word' id='word_1_219' title='bbox 751 2677 820 2712; x_wconf 85' lang='lat' dir='ltr'>corr.</span> <span class='ocrx_word' id='word_1_220' title='bbox 829 2657 870 2713; x_wconf 92' lang='grc'>36.</span> <span class='ocrx_word' id='word_1_221' title='bbox 885 2655 1011 2711; x_wconf 78' lang='lat' dir='ltr'><strong>Gu.3.—-·</strong></span> <span class='ocrx_word' id='word_1_222' title='bbox 1029 2652 1190 2726; x_wconf 73' lang='lat' dir='ltr'>saepsisse]</span> <span class='ocrx_word' id='word_1_223' title='bbox 1203 2653 1327 2707; x_wconf 87' lang='grc'><strong>3133333</strong></span> 
     </span>
     <span class='ocr_line' id='line_1_25' title="bbox 279 2735 1325 2815; baseline 0.001 -27"><span class='ocrx_word' id='word_1_224' title='bbox 279 2735 331 2791; x_wconf 87' lang='lat' dir='ltr'>Gn.</span> <span class='ocrx_word' id='word_1_225' title='bbox 347 2736 371 2792; x_wconf 95' lang='grc'>1.</span> <span class='ocrx_word' id='word_1_226' title='bbox 400 2742 512 2811; x_wconf 80' lang='lat' dir='ltr'>cepisse</span> <span class='ocrx_word' id='word_1_227' title='bbox 528 2751 575 2795; x_wconf 89' lang='lat' dir='ltr'>aut</span> <span class='ocrx_word' id='word_1_228' title='bbox 592 2746 718 2815; x_wconf 80' lang='lat' dir='ltr'>repsisse</span> <span class='ocrx_word' id='word_1_229' title='bbox 735 2744 793 2797; x_wconf 86' lang='lat' dir='ltr'>rell.</span> <span class='ocrx_word' id='word_1_230' title='bbox 813 2759 849 2795; x_wconf 86' lang='lat' dir='ltr'>ae</span> <span class='ocrx_word' id='word_1_231' title='bbox 866 2748 941 2795; x_wconf 87' lang='lat' dir='ltr'>tenet</span> <span class='ocrx_word' id='word_1_232' title='bbox 958 2739 1104 2808; x_wconf 86' lang='lat' dir='ltr'>rescriptas</span> <span class='ocrx_word' id='word_1_233' title='bbox 1122 2735 1325 2806; x_wconf 74' lang='grc'><strong>6131133311.</strong></span> 
     </span>
     <span class='ocr_line' id='line_1_26' title="bbox 278 2818 1327 2898; baseline 0.008 -26"><span class='ocrx_word' id='word_1_234' title='bbox 278 2818 321 2875; x_wconf 89' lang='grc'>66.</span> <span class='ocrx_word' id='word_1_235' title='bbox 341 2837 367 2876; x_wconf 88' lang='lat' dir='ltr'><strong>v.</strong></span> <span class='ocrx_word' id='word_1_236' title='bbox 387 2821 459 2879; x_wconf 89' lang='lat' dir='ltr'>Voll.</span> <span class='ocrx_word' id='word_1_237' title='bbox 477 2823 567 2896; x_wconf 83' lang='lat' dir='ltr'>Etym.</span> <span class='ocrx_word' id='word_1_238' title='bbox 587 2824 619 2882; x_wconf 61' lang='grc'>13.</span> <span class='ocrx_word' id='word_1_239' title='bbox 634 2825 667 2881; x_wconf 84' lang='lat' dir='ltr'><strong>L.</strong></span> <span class='ocrx_word' id='word_1_240' title='bbox 685 2846 712 2898; x_wconf 88' lang='lat' dir='ltr'>p.</span> <span class='ocrx_word' id='word_1_241' title='bbox 725 2827 783 2882; x_wconf 92' lang='grc'><strong>446.</strong></span> <span class='ocrx_word' id='word_1_242' title='bbox 805 2823 937 2881; x_wconf 73' lang='grc'><strong>6311331.</strong></span> <span class='ocrx_word' id='word_1_243' title='bbox 956 2843 983 2894; x_wconf 91' lang='lat' dir='ltr'>p.</span> <span class='ocrx_word' id='word_1_244' title='bbox 1001 2823 1059 2878; x_wconf 80' lang='grc'>346</span> <span class='ocrx_word' id='word_1_245' title='bbox 1080 2822 1114 2879; x_wconf 88' lang='lat' dir='ltr'>ll.</span> <span class='ocrx_word' id='word_1_246' title='bbox 1132 2822 1184 2876; x_wconf 87' lang='grc'>664</span> <span class='ocrx_word' id='word_1_247' title='bbox 1199 2821 1274 2877; x_wconf 87' lang='lat' dir='ltr'>Harl.</span> <span class='ocrx_word' id='word_1_248' title='bbox 1289 2850 1327 2880; x_wconf 83' lang='lat'>-.</span> 
     </span>
     <span class='ocr_line' id='line_1_27' title="bbox 279 2905 1327 2982; baseline 0.004 -25"><span class='ocrx_word' id='word_1_249' title='bbox 279 2907 432 2978; x_wconf 80' lang='lat' dir='ltr'>anivers]</span> <span class='ocrx_word' id='word_1_250' title='bbox 458 2924 494 2962; x_wconf 84' lang='lat' dir='ltr'>ac</span> <span class='ocrx_word' id='word_1_251' title='bbox 512 2926 578 2964; x_wconf 81' lang='lat' dir='ltr'>nero</span> <span class='ocrx_word' id='word_1_252' title='bbox 601 2910 651 2982; x_wconf 76' lang='lat' dir='ltr'><strong>Lg.</strong></span> <span class='ocrx_word' id='word_1_253' title='bbox 671 2911 695 2966; x_wconf 88' lang='grc'>6.</span> <span class='ocrx_word' id='word_1_254' title='bbox 734 2908 1096 2965; x_wconf 74' lang='grc'><strong>313333613363333.</strong></span> <span class='ocrx_word' id='word_1_255' title='bbox 1118 2907 1170 2964; x_wconf 84' lang='lat' dir='ltr'>Gu.</span> <span class='ocrx_word' id='word_1_256' title='bbox 1189 2907 1213 2961; x_wconf 91' lang='grc'>3.</span> <span class='ocrx_word' id='word_1_257' title='bbox 1233 2905 1269 2961; x_wconf 90' lang='lat' dir='ltr'>U.</span> <span class='ocrx_word' id='word_1_258' title='bbox 1289 2933 1327 2949; x_wconf 59' lang='grc' dir='ltr'>ν·-</span> 
     </span>
    </p>
   </div>
   <div class='ocr_carea' id='block_1_5' title="bbox 280 2991 1462 3073">
    <p class='ocr_par' dir='ltr' id='par_1_6' title="bbox 280 2991 1462 3073">
     <span class='ocr_line' id='line_1_28' title="bbox 280 2991 1462 3073; baseline 0.003 -29"><span class='ocrx_word' id='word_1_259' title='bbox 280 2993 312 3044; x_wconf 88' lang='lat' dir='ltr'>in</span> <span class='ocrx_word' id='word_1_260' title='bbox 330 2994 558 3065; x_wconf 75' lang='lat' dir='ltr'>constituendis]</span> <span class='ocrx_word' id='word_1_261' title='bbox 577 2996 617 3048; x_wconf 87' lang='lat' dir='ltr'>sic</span> <span class='ocrx_word' id='word_1_262' title='bbox 633 2997 725 3065; x_wconf 89' lang='lat' dir='ltr'>optimi</span> <span class='ocrx_word' id='word_1_263' title='bbox 749 2996 799 3067; x_wconf 84' lang='lat' dir='ltr'><strong>Lg.</strong></span> <span class='ocrx_word' id='word_1_264' title='bbox 818 2995 843 3049; x_wconf 90' lang='grc'>6.</span> <span class='ocrx_word' id='word_1_265' title='bbox 865 2995 904 3048; x_wconf 89' lang='grc'>13.</span> <span class='ocrx_word' id='word_1_266' title='bbox 924 2992 965 3049; x_wconf 90' lang='grc'>36.</span> <span class='ocrx_word' id='word_1_267' title='bbox 985 3001 1012 3047; x_wconf 85' lang='lat' dir='ltr'>et</span> <span class='ocrx_word' id='word_1_268' title='bbox 1030 3011 1070 3062; x_wconf 93' lang='lat' dir='ltr'>pr.</span> <span class='ocrx_word' id='word_1_269' title='bbox 1089 3009 1122 3047; x_wconf 91' lang='lat' dir='ltr'>m.</span> <span class='ocrx_word' id='word_1_270' title='bbox 1141 2994 1166 3047; x_wconf 94' lang='grc'>4.</span> <span class='ocrx_word' id='word_1_271' title='bbox 1185 2991 1226 3046; x_wconf 89' lang='grc'>36.</span> <span class='ocrx_word' id='word_1_272' title='bbox 1248 2992 1269 3044; x_wconf 97' lang='grc'>11</span> <span class='ocrx_word' id='word_1_273' title='bbox 1287 2991 1324 3048; x_wconf 86' lang='lat' dir='ltr'><strong>U.</strong></span> <span class='ocrx_word' id='word_1_274' title='bbox 1377 3019 1379 3025; x_wconf 26' lang='grc' dir='ltr'><strong>ι</strong></span> <span class='ocrx_word' id='word_1_275' title='bbox 1461 3060 1462 3073; x_wconf 18' lang='lat'>¹</span> 
     </span>
    </p>
   </div>
   <div class='ocr_carea' id='block_1_6' title="bbox 278 3073 1329 3904">
    <p class='ocr_par' dir='ltr' id='par_1_7' title="bbox 278 3073 1329 3904">
     <span class='ocr_line' id='line_1_29' title="bbox 280 3073 1325 3144; baseline 0.01 -19"><span class='ocrx_word' id='word_1_276' title='bbox 280 3073 310 3127; x_wconf 89' lang='lat' dir='ltr'><strong>Z.</strong></span> <span class='ocrx_word' id='word_1_277' title='bbox 334 3080 359 3139; x_wconf 75' lang='grc' dir='ltr'>β.</span> <span class='ocrx_word' id='word_1_278' title='bbox 380 3096 406 3144; x_wconf 81' lang='lat' dir='ltr'><strong>y.</strong></span> <span class='ocrx_word' id='word_1_279' title='bbox 433 3081 464 3132; x_wconf 86' lang='lat' dir='ltr'>in</span> <span class='ocrx_word' id='word_1_280' title='bbox 488 3080 680 3133; x_wconf 70' lang='lat' dir='ltr'>institiaendis</span> <span class='ocrx_word' id='word_1_281' title='bbox 702 3081 726 3135; x_wconf 92' lang='grc'>3.</span> <span class='ocrx_word' id='word_1_282' title='bbox 745 3081 770 3136; x_wconf 87' lang='grc'>5.</span> <span class='ocrx_word' id='word_1_283' title='bbox 791 3079 891 3138; x_wconf 76' lang='grc'><strong>1415</strong></span> <span class='ocrx_word' id='word_1_284' title='bbox 912 3079 952 3133; x_wconf 92' lang='grc'>16.</span> <span class='ocrx_word' id='word_1_285' title='bbox 972 3078 1014 3132; x_wconf 91' lang='grc'>61.</span> <span class='ocrx_word' id='word_1_286' title='bbox 1032 3077 1073 3132; x_wconf 91' lang='grc'>63.</span> <span class='ocrx_word' id='word_1_287' title='bbox 1096 3076 1137 3131; x_wconf 89' lang='grc'>64.</span> <span class='ocrx_word' id='word_1_288' title='bbox 1156 3076 1198 3130; x_wconf 89' lang='grc'>35.</span> <span class='ocrx_word' id='word_1_289' title='bbox 1218 3074 1261 3130; x_wconf 90' lang='grc'>65.</span> <span class='ocrx_word' id='word_1_290' title='bbox 1281 3076 1325 3134; x_wconf 88' lang='grc'>67.</span> 
     </span>
     <span class='ocr_line' id='line_1_30' title="bbox 278 3155 1325 3220; baseline 0.004 -9"><span class='ocrx_word' id='word_1_291' title='bbox 278 3155 321 3212; x_wconf 87' lang='grc'>63.</span> <span class='ocrx_word' id='word_1_292' title='bbox 341 3158 381 3213; x_wconf 89' lang='grc'>73.</span> <span class='ocrx_word' id='word_1_293' title='bbox 400 3159 443 3214; x_wconf 88' lang='grc'>61.</span> <span class='ocrx_word' id='word_1_294' title='bbox 460 3160 502 3216; x_wconf 82' lang='grc'>64.</span> <span class='ocrx_word' id='word_1_295' title='bbox 520 3161 563 3218; x_wconf 89' lang='grc'>66.</span> <span class='ocrx_word' id='word_1_296' title='bbox 582 3163 623 3218; x_wconf 86' lang='grc'>33.</span> <span class='ocrx_word' id='word_1_297' title='bbox 643 3165 682 3217; x_wconf 84' lang='grc'>113</span> <span class='ocrx_word' id='word_1_298' title='bbox 698 3182 753 3220; x_wconf 82' lang='grc'><strong>333.</strong></span> <span class='ocrx_word' id='word_1_299' title='bbox 773 3183 806 3219; x_wconf 85' lang='lat' dir='ltr'>m.</span> <span class='ocrx_word' id='word_1_300' title='bbox 826 3166 850 3219; x_wconf 95' lang='grc'>4.</span> <span class='ocrx_word' id='word_1_301' title='bbox 868 3163 910 3219; x_wconf 90' lang='grc'>36.</span> <span class='ocrx_word' id='word_1_302' title='bbox 930 3163 972 3217; x_wconf 87' lang='grc'>76.</span> <span class='ocrx_word' id='word_1_303' title='bbox 990 3161 1030 3218; x_wconf 87' lang='grc'>76.</span> <span class='ocrx_word' id='word_1_304' title='bbox 1049 3163 1076 3216; x_wconf 83' lang='grc'>6.</span> <span class='ocrx_word' id='word_1_305' title='bbox 1095 3179 1116 3216; x_wconf 84' lang='lat' dir='ltr'>s.</span> <span class='ocrx_word' id='word_1_306' title='bbox 1146 3164 1179 3214; x_wconf 88' lang='lat' dir='ltr'>in</span> <span class='ocrx_word' id='word_1_307' title='bbox 1195 3177 1248 3216; x_wconf 95' lang='lat' dir='ltr'>om.</span> <span class='ocrx_word' id='word_1_308' title='bbox 1268 3158 1325 3216; x_wconf 74' lang='lat'>01.</span> 
     </span>
     <span class='ocr_line' id='line_1_31' title="bbox 278 3244 1328 3318; baseline 0.003 -23"><span class='ocrx_word' id='word_1_309' title='bbox 278 3244 439 3297; x_wconf 80' lang='lat' dir='ltr'>stituendis</span> <span class='ocrx_word' id='word_1_310' title='bbox 463 3245 514 3300; x_wconf 90' lang='lat' dir='ltr'>Gu.</span> <span class='ocrx_word' id='word_1_311' title='bbox 533 3246 557 3302; x_wconf 91' lang='grc'>6.</span> <span class='ocrx_word' id='word_1_312' title='bbox 581 3264 608 3303; x_wconf 83' lang='lat' dir='ltr'><strong>v.</strong></span> <span class='ocrx_word' id='word_1_313' title='bbox 630 3250 833 3318; x_wconf 83' lang='lat' dir='ltr'>explicationes.</span> <span class='ocrx_word' id='word_1_314' title='bbox 851 3275 886 3293; x_wconf 79' lang='lat'>--</span> <span class='ocrx_word' id='word_1_315' title='bbox 922 3253 975 3300; x_wconf 85' lang='lat' dir='ltr'>ant</span> <span class='ocrx_word' id='word_1_316' title='bbox 994 3251 1026 3300; x_wconf 83' lang='lat' dir='ltr'>in</span> <span class='ocrx_word' id='word_1_317' title='bbox 1044 3244 1266 3315; x_wconf 82' lang='lat' dir='ltr'>conservandis]</span> <span class='ocrx_word' id='word_1_318' title='bbox 1286 3246 1328 3301; x_wconf 87' lang='grc'>313</span> 
     </span>
     <span class='ocr_line' id='line_1_32' title="bbox 280 3324 1327 3404; baseline 0.006 -27"><span class='ocrx_word' id='word_1_319' title='bbox 280 3324 311 3379; x_wconf 84' lang='lat' dir='ltr'><strong>Z.</strong></span> <span class='ocrx_word' id='word_1_320' title='bbox 332 3324 368 3383; x_wconf 90' lang='lat' dir='ltr'>U.</span> <span class='ocrx_word' id='word_1_321' title='bbox 394 3328 433 3397; x_wconf 88' lang='lat' dir='ltr'>(is</span> <span class='ocrx_word' id='word_1_322' title='bbox 451 3338 540 3384; x_wconf 88' lang='lat' dir='ltr'>tamen</span> <span class='ocrx_word' id='word_1_323' title='bbox 557 3334 724 3402; x_wconf 76' lang='lat' dir='ltr'>cernendis)</span> <span class='ocrx_word' id='word_1_324' title='bbox 749 3334 904 3404; x_wconf 60' lang='grc'><strong>133113.</strong></span> <span class='ocrx_word' id='word_1_325' title='bbox 929 3331 987 3386; x_wconf 79' lang='grc'><strong>1631.</strong></span> <span class='ocrx_word' id='word_1_326' title='bbox 1009 3331 1031 3385; x_wconf 97' lang='grc'>1.</span> <span class='ocrx_word' id='word_1_327' title='bbox 1049 3330 1073 3386; x_wconf 92' lang='grc'>6.</span> <span class='ocrx_word' id='word_1_328' title='bbox 1097 3330 1155 3385; x_wconf 78' lang='lat' dir='ltr'>uri.</span> <span class='ocrx_word' id='word_1_329' title='bbox 1176 3330 1239 3385; x_wconf 88' lang='lat' dir='ltr'>edd.</span> <span class='ocrx_word' id='word_1_330' title='bbox 1258 3331 1327 3385; x_wconf 83' lang='lat' dir='ltr'>anti·</span> 
     </span>
     <span class='ocr_line' id='line_1_33' title="bbox 280 3409 1328 3486; baseline 0.007 -24"><span class='ocrx_word' id='word_1_331' title='bbox 280 3409 361 3478; x_wconf 72' lang='lat' dir='ltr'>quise</span> <span class='ocrx_word' id='word_1_332' title='bbox 385 3410 479 3466; x_wconf 74' lang='grc'><strong>13313.</strong></span> <span class='ocrx_word' id='word_1_333' title='bbox 501 3412 597 3471; x_wconf 84' lang='grc' dir='ltr'><strong>Μ3311.</strong></span> <span class='ocrx_word' id='word_1_334' title='bbox 617 3415 665 3471; x_wconf 88' lang='lat' dir='ltr'>Or.</span> <span class='ocrx_word' id='word_1_335' title='bbox 685 3418 784 3483; x_wconf 76' lang='lat' dir='ltr'>Henn,</span> <span class='ocrx_word' id='word_1_336' title='bbox 808 3417 904 3485; x_wconf 85' lang='lat' dir='ltr'>qrribus</span> <span class='ocrx_word' id='word_1_337' title='bbox 922 3433 992 3470; x_wconf 89' lang='lat' dir='ltr'>nunc</span> <span class='ocrx_word' id='word_1_338' title='bbox 1010 3416 1145 3469; x_wconf 88' lang='lat' dir='ltr'>accedunt</span> <span class='ocrx_word' id='word_1_339' title='bbox 1163 3414 1213 3486; x_wconf 78' lang='lat' dir='ltr'>ng.</span> <span class='ocrx_word' id='word_1_340' title='bbox 1232 3431 1328 3469; x_wconf 87' lang='lat' dir='ltr'>omnes</span> 
     </span>
     <span class='ocr_line' id='line_1_34' title="bbox 280 3495 1329 3573; baseline 0.008 -28"><span class='ocrx_word' id='word_1_341' title='bbox 280 3501 391 3564; x_wconf 82' lang='lat' dir='ltr'>praeter</span> <span class='ocrx_word' id='word_1_342' title='bbox 408 3495 449 3550; x_wconf 91' lang='grc'>61.</span> <span class='ocrx_word' id='word_1_343' title='bbox 468 3497 508 3554; x_wconf 91' lang='grc'>63.</span> <span class='ocrx_word' id='word_1_344' title='bbox 527 3500 569 3555; x_wconf 83' lang='lat'><strong>35.</strong></span> <span class='ocrx_word' id='word_1_345' title='bbox 605 3501 695 3573; x_wconf 80' lang='lat' dir='ltr'>Vulgo</span> <span class='ocrx_word' id='word_1_346' title='bbox 719 3511 747 3557; x_wconf 84' lang='lat' dir='ltr'>et</span> <span class='ocrx_word' id='word_1_347' title='bbox 768 3503 795 3554; x_wconf 92' lang='grc'>13</span> <span class='ocrx_word' id='word_1_348' title='bbox 819 3501 860 3555; x_wconf 84' lang='lat' dir='ltr'>nis</span> <span class='ocrx_word' id='word_1_349' title='bbox 884 3500 968 3555; x_wconf 89' lang='lat' dir='ltr'>tribus</span> <span class='ocrx_word' id='word_1_350' title='bbox 992 3508 1019 3553; x_wconf 89' lang='lat' dir='ltr'>et</span> <span class='ocrx_word' id='word_1_351' title='bbox 1041 3500 1069 3552; x_wconf 92' lang='lat' dir='ltr'>in</span> <span class='ocrx_word' id='word_1_352' title='bbox 1088 3499 1178 3554; x_wconf 83' lang='lat' dir='ltr'>Havn.</span> <span class='ocrx_word' id='word_1_353' title='bbox 1198 3497 1221 3553; x_wconf 94' lang='lat' dir='ltr'>l.</span> <span class='ocrx_word' id='word_1_354' title='bbox 1241 3499 1266 3553; x_wconf 90' lang='grc'>6.</span> <span class='ocrx_word' id='word_1_355' title='bbox 1295 3504 1329 3553; x_wconf 83' lang='lat' dir='ltr'>in</span> 
     </span>
     <span class='ocr_line' id='line_1_35' title="bbox 280 3578 1326 3654; baseline 0.011 -24"><span class='ocrx_word' id='word_1_356' title='bbox 280 3578 418 3639; x_wconf 83' lang='lat' dir='ltr'>omittitur.</span> <span class='ocrx_word' id='word_1_357' title='bbox 456 3583 617 3653; x_wconf 77' lang='lat' dir='ltr'>Quanquam</span> <span class='ocrx_word' id='word_1_358' title='bbox 637 3586 772 3640; x_wconf 89' lang='lat' dir='ltr'>Wunderi</span> <span class='ocrx_word' id='word_1_359' title='bbox 797 3586 908 3639; x_wconf 88' lang='lat' dir='ltr'>decreto</span> <span class='ocrx_word' id='word_1_360' title='bbox 936 3583 1041 3654; x_wconf 79' lang='lat' dir='ltr'>(neca</span> <span class='ocrx_word' id='word_1_361' title='bbox 1069 3586 1130 3639; x_wconf 91' lang='lat' dir='ltr'>cod.</span> <span class='ocrx_word' id='word_1_362' title='bbox 1154 3584 1212 3639; x_wconf 83' lang='lat' dir='ltr'>Eri.</span> <span class='ocrx_word' id='word_1_363' title='bbox 1238 3583 1326 3653; x_wconf 82' lang='lat' dir='ltr'>praes.</span> 
     </span>
     <span class='ocr_line' id='line_1_36' title="bbox 280 3663 1328 3737; baseline 0.002 -17"><span class='ocrx_word' id='word_1_364' title='bbox 280 3681 307 3733; x_wconf 84' lang='lat' dir='ltr'>p.</span> <span class='ocrx_word' id='word_1_365' title='bbox 325 3663 422 3733; x_wconf 77' lang='lat' dir='ltr'>xvii)</span> <span class='ocrx_word' id='word_1_366' title='bbox 457 3670 685 3737; x_wconf 84' lang='lat' dir='ltr'>praepositionem</span> <span class='ocrx_word' id='word_1_367' title='bbox 716 3671 743 3723; x_wconf 89' lang='lat' dir='ltr'>in</span> <span class='ocrx_word' id='word_1_368' title='bbox 777 3669 941 3723; x_wconf 86' lang='lat' dir='ltr'>disiunctivls</span> <span class='ocrx_word' id='word_1_369' title='bbox 968 3669 1205 3723; x_wconf 86' lang='lat' dir='ltr'>leauntiationibus</span> <span class='ocrx_word' id='word_1_370' title='bbox 1235 3669 1328 3722; x_wconf 86' lang='lat' dir='ltr'>iterari</span> 
     </span>
     <span class='ocr_line' id='line_1_37' title="bbox 279 3748 1328 3824; baseline 0.009 -25"><span class='ocrx_word' id='word_1_371' title='bbox 279 3748 371 3802; x_wconf 86' lang='lat' dir='ltr'>solere</span> <span class='ocrx_word' id='word_1_372' title='bbox 395 3767 449 3803; x_wconf 92' lang='grc'>333</span> <span class='ocrx_word' id='word_1_373' title='bbox 471 3754 581 3811; x_wconf 90' lang='lat' dir='ltr'>multum</span> <span class='ocrx_word' id='word_1_374' title='bbox 599 3753 744 3809; x_wconf 85' lang='lat' dir='ltr'>tribuerim.</span> <span class='ocrx_word' id='word_1_375' title='bbox 781 3753 858 3811; x_wconf 78' lang='grc'><strong>11331</strong></span> <span class='ocrx_word' id='word_1_376' title='bbox 876 3754 947 3808; x_wconf 87' lang='lat' dir='ltr'>enim</span> <span class='ocrx_word' id='word_1_377' title='bbox 965 3752 1089 3806; x_wconf 90' lang='lat' dir='ltr'>codicum</span> <span class='ocrx_word' id='word_1_378' title='bbox 1106 3753 1198 3807; x_wconf 89' lang='lat' dir='ltr'>adhuc</span> <span class='ocrx_word' id='word_1_379' title='bbox 1214 3753 1328 3824; x_wconf 82' lang='lat' dir='ltr'>diligen·</span> 
     </span>
     <span class='ocr_line' id='line_1_38' title="bbox 280 3834 1328 3904; baseline 0.007 -20"><span class='ocrx_word' id='word_1_380' title='bbox 280 3840 322 3885; x_wconf 87' lang='lat' dir='ltr'>ter</span> <span class='ocrx_word' id='word_1_381' title='bbox 345 3834 437 3886; x_wconf 88' lang='lat' dir='ltr'>collati</span> <span class='ocrx_word' id='word_1_382' title='bbox 461 3837 544 3888; x_wconf 82' lang='grc'><strong>33311</strong></span> <span class='ocrx_word' id='word_1_383' title='bbox 577 3837 749 3904; x_wconf 80' lang='lat' dir='ltr'>Antiquiores</span> <span class='ocrx_word' id='word_1_384' title='bbox 781 3838 865 3890; x_wconf 85' lang='lat' dir='ltr'>critici</span> <span class='ocrx_word' id='word_1_385' title='bbox 888 3836 1075 3889; x_wconf 78' lang='lat' dir='ltr'>coniunctivae</span> <span class='ocrx_word' id='word_1_386' title='bbox 1100 3846 1129 3890; x_wconf 89' lang='grc'>31</span> <span class='ocrx_word' id='word_1_387' title='bbox 1153 3837 1328 3891; x_wconf 86' lang='lat' dir='ltr'>disiunctivas</span> 
     </span>
    </p>
   </div>
   <div class='ocr_carea' id='block_1_7' title="bbox 279 3914 1330 4071">
    <p class='ocr_par' dir='ltr' id='par_1_8' title="bbox 279 3914 1330 4071">
     <span class='ocr_line' id='line_1_39' title="bbox 279 3914 1329 3993; baseline 0.006 -24"><span class='ocrx_word' id='word_1_388' title='bbox 279 3914 489 3970; x_wconf 86' lang='lat' dir='ltr'>sententiarum</span> <span class='ocrx_word' id='word_1_389' title='bbox 503 3919 603 3972; x_wconf 80' lang='lat' dir='ltr'>formas</span> <span class='ocrx_word' id='word_1_390' title='bbox 631 3921 737 3975; x_wconf 80' lang='lat' dir='ltr'>munima</span> <span class='ocrx_word' id='word_1_391' title='bbox 764 3920 958 3993; x_wconf 77' lang='lat' dir='ltr'>distinguentes</span> <span class='ocrx_word' id='word_1_392' title='bbox 987 3920 1097 3973; x_wconf 85' lang='lat' dir='ltr'>diversa</span> <span class='ocrx_word' id='word_1_393' title='bbox 1123 3932 1329 3991; x_wconf 79' lang='lat' dir='ltr'>congesserunt,</span> 
     </span>
     <span class='ocr_line' id='line_1_40' title="bbox 280 4002 1330 4071; baseline 0.005 -18"><span class='ocrx_word' id='word_1_394' title='bbox 280 4017 315 4053; x_wconf 81' lang='lat' dir='ltr'>ex</span> <span class='ocrx_word' id='word_1_395' title='bbox 339 4002 419 4054; x_wconf 80' lang='lat' dir='ltr'>Livio</span> <span class='ocrx_word' id='word_1_396' title='bbox 444 4002 651 4057; x_wconf 87' lang='lat' dir='ltr'>Drakenborch.</span> <span class='ocrx_word' id='word_1_397' title='bbox 678 4006 713 4058; x_wconf 89' lang='lat' dir='ltr'>ad</span> <span class='ocrx_word' id='word_1_398' title='bbox 736 4004 782 4059; x_wconf 86' lang='lat' dir='ltr'>Vl.</span> <span class='ocrx_word' id='word_1_399' title='bbox 802 4004 845 4071; x_wconf 89' lang='grc'>66,</span> <span class='ocrx_word' id='word_1_400' title='bbox 859 4005 884 4061; x_wconf 92' lang='grc'>6.</span> <span class='ocrx_word' id='word_1_401' title='bbox 910 4003 1034 4058; x_wconf 85' lang='lat' dir='ltr'>XXVlll.</span> <span class='ocrx_word' id='word_1_402' title='bbox 1054 4003 1081 4070; x_wconf 92' lang='grc'>6,</span> <span class='ocrx_word' id='word_1_403' title='bbox 1100 4005 1125 4062; x_wconf 87' lang='grc'>3,</span> <span class='ocrx_word' id='word_1_404' title='bbox 1151 4005 1211 4060; x_wconf 64' lang='lat' dir='ltr'>xl.</span> <span class='ocrx_word' id='word_1_405' title='bbox 1230 4005 1274 4071; x_wconf 88' lang='grc'>33,</span> <span class='ocrx_word' id='word_1_406' title='bbox 1292 4005 1330 4071; x_wconf 74' lang='lat' dir='ltr'><strong>o..</strong></span> 
     </span>
    </p>
   </div>
   <div class='ocr_carea' id='block_1_8' title="bbox 280 4084 1330 4161">
    <p class='ocr_par' dir='ltr' id='par_1_9' title="bbox 280 4084 1330 4161">
     <span class='ocr_line' id='line_1_41' title="bbox 280 4084 1330 4161; baseline 0.011 -23"><span class='ocrx_word' id='word_1_407' title='bbox 280 4085 315 4144; x_wconf 88' lang='lat' dir='ltr'>de</span> <span class='ocrx_word' id='word_1_408' title='bbox 334 4087 457 4145; x_wconf 70' lang='lat' dir='ltr'>Caesare</span> <span class='ocrx_word' id='word_1_409' title='bbox 481 4084 609 4143; x_wconf 85' lang='lat' dir='ltr'>Oudend.</span> <span class='ocrx_word' id='word_1_410' title='bbox 637 4088 673 4142; x_wconf 89' lang='lat' dir='ltr'>ad</span> <span class='ocrx_word' id='word_1_411' title='bbox 699 4088 759 4145; x_wconf 84' lang='lat' dir='ltr'><strong>BG.</strong></span> <span class='ocrx_word' id='word_1_412' title='bbox 778 4089 817 4147; x_wconf 91' lang='lat' dir='ltr'>ll.</span> <span class='ocrx_word' id='word_1_413' title='bbox 845 4089 885 4156; x_wconf 87' lang='grc'>16,</span> <span class='ocrx_word' id='word_1_414' title='bbox 908 4092 949 4152; x_wconf 86' lang='grc'>4.,</span> <span class='ocrx_word' id='word_1_415' title='bbox 975 4088 1010 4143; x_wconf 90' lang='lat' dir='ltr'>de</span> <span class='ocrx_word' id='word_1_416' title='bbox 1031 4088 1165 4146; x_wconf 77' lang='grc'><strong>61333333</strong></span> <span class='ocrx_word' id='word_1_417' title='bbox 1184 4089 1330 4161; x_wconf 83' lang='lat' dir='ltr'>Wopken.</span> 
     </span>
    </p>
   </div>
   <div class='ocr_carea' id='block_1_9' title="bbox 0 0 1499 4596">
    <p class='ocr_par' dir='ltr' id='par_1_10' title="bbox 0 0 1499 4596">
     <span class='ocr_line' id='line_1_42' title="bbox 0 0 1499 4596; baseline 0 0"><span class='ocrx_word' id='word_1_418' title='bbox 0 0 1499 4596; x_wconf 95' lang='lat' dir='ltr'> </span> 
     </span>
    </p>
   </div>
  </div>
 </body>
</html>
