2876 4612
276 322 375 404 uno
534 312 540 327 '
674 322 930 421 ctuuaouts

273 500 390 566 dieunt.
437 496 532 577 Quod
558 494 641 564 onim
662 489 829 564 declarari
854 500 910 565 vin
933 494 1032 564 nendo
1054 500 1185 586 ‘proprio
1211 511 1326 587 potest,

276 617 310 682 id
334 616 488 683 translato
514 636 584 682 cunt
610 616 813 693 estolidum,
840 616 976 687 illustrat
999 612 1046 694 ld,
1074 617 1158 702 quod
1179 618 1328 704 intellegi

275 734 433 811 uolumus,
460 735 529 800 elus
548 735 611 812 rei,
638 748 732 820 quant
759 733 865 800 oliano
885 733 983 800 verbo
1004 735 1182 821 posuimus,
1211 737 1329 801 sinili-

275 852 360 919 tudo.
410 846 482 916 lto.
515 848 613 935 Igitur
641 851 723 917 haec
754 850 978 917 translationes
1010 853 1103 937 quasi
1134 828 1329 937 sudaturus

276 979 364 1046 sunt,
390 986 460 1034 cum
482 958 565 1053 quud
589 988 653 1035 non
673 968 794 1033 habeas
817 967 944 1033 aliunde
967 984 1083 1033 sumas.
1126 965 1207 1033 Illae
1229 970 1328 1056 paulo

80 1070 84 1077 ’
162 1134 166 1141 .
279 1086 486 1161 audaciores,
524 1104 605 1171 quae
637 1104 701 1151 non
732 1087 870 1171 inopiam
901 1084 1060 1161 indicant,
1099 1085 1156 1150 sed
1187 1088 1329 1152 orationi

277 1202 456 1290 splendoris
484 1200 605 1288 aliquid
632 1211 812 1280 accersunt3
851 1204 981 1286 quatum
1007 1200 1132 1286 quidem
1162 1221 1225 1286 ego
1250 1204 1330 1289 quid

275 1310 370 1387 ⁴vobis
388 1329 449 1396 ‚aut
469 1319 649 1386 inveniendi
669 1319 823 1384 rationem
846 1328 898 1383 aut
919 1336 1039 1402 genera
1058 1324 1199 1403 ponant

354 1449 519 1544 XXXIX.
558 1451 631 1547 157.
668 1449 889 1517 Similitudinis
921 1462 970 1518 est
1002 1451 1202 1535 adverbum
1231 1472 1328 1518 unum

274 1548 441 1637 ¹contracta
461 1568 615 1649 brevitas,
643 1566 726 1657 quod
746 1567 875 1635 verbum
900 1568 934 1634 in
956 1566 1061 1634 alieno
1082 1568 1155 1635 loeo
1176 1580 1328 1656 tanquam

280 1693 313 1755 in
340 1708 397 1755 suo
423 1688 559 1774 positum
593 1688 621 1753 si
646 1688 843 1787 agnoscitur,
874 1685 1024 1763 delectat,
1057 1689 1087 1752 si
1115 1686 1218 1753 simile
1246 1686 1328 1755 nilil

273 1919 406 1991 'rustiet'J
431 1920 524 1971 etium
546 1922 598 1974 ont.
618 1918 668 1991 ug.
686 1920 711 1975 5.
730 1919 771 1974 14.
794 1919 834 1974 15.
854 1918 895 1974 16.
913 1916 955 1972 ul.
974 1918 1016 1973 23.
1035 1916 1078 1975 69.
1097 1919 1139 1973 70.
1160 1920 1201 1975 73.
1221 1920 1264 1975 76.
1281 1920 1323 1975 36.

281 2004 352 2057 Vici.
370 2031 407 2045 -—
433 2002 567 2055 illustrat
585 2002 637 2072 td]
654 2001 776 2057 Orellius
794 2002 945 2073 distinguit:
966 2002 1112 2066 illustrat,
1133 2004 1166 2056 t'd
1183 2005 1263 2074 quod
1281 2010 1324 2058 tn·
1429 2018 1430 2031 ¹

273 2086 377 2161 *tetttpt
393 2085 540 2149 uolumus,
562 2090 624 2139 etos
643 2097 694 2139 ete.
719 2086 885 2143 alienissima
903 2087 938 2140 ab
956 2103 986 2139 re
1007 2086 1172 2156 parenthesi.
1210 2089 1324 2155 „Unice

282 2186 350 2223 vera
372 2177 413 2221 est
441 2169 552 2240 vulgata
574 2170 773 2241 interpunctio:
801 2170 853 2223 sibi
875 2172 946 2224 enim
974 2181 1150 2241 opponuntur
1176 2173 1258 2242 quod
1279 2178 1324 2226 tu·

283 2255 378 2326 totttpt
394 2254 525 2308 uolumus
543 2263 570 2308 et
586 2272 677 2325 quum
695 2252 792 2308 altono
810 2254 895 2309 uerbo
910 2259 1080 2327 posuimus,
1104 2270 1194 2325 neque
1213 2258 1323 2312 verbum

247 2350 254 2359 “
283 2341 413 2394 illustrat
431 2338 538 2392 obiecto
557 2348 648 2414 potest
665 2343 789 2395 carere.“
813 2337 1003 2394 Heorteltoeu.
1039 2338 1069 2392 ln
1089 2341 1224 2394 sententia
1240 2341 1322 2411 paulo

283 2424 446 2496 implicatius
470 2432 574 2477 structa
599 2425 651 2476 iam
673 2425 737 2476 olim
765 2422 851 2477 inisse
875 2424 920 2492 qni
942 2421 1113 2477 offenderent
1134 2424 1213 2479 codd.
1234 2434 1323 2479 osteu-

281 2509 357 2562 dunt.
394 2503 505 2578 Quippe
524 2502 692 2561 iliustretur
708 2506 758 2578 ug.
778 2506 803 2562 1.
822 2509 847 2561 4.
867 2507 907 2562 13.
929 2506 969 2563 15.
987 2508 1029 2564 14.
1049 2507 1152 2563 31186.
1179 2509 1322 2578 eidemque

272 2592 394 2671 >'praeter
419 2590 459 2645 15.
482 2591 524 2647 86.
550 2591 674 2644 omittunt
697 2591 738 2644 td.
761 2610 797 2651 0-
827 2590 976 2664 tutellept]
1001 2594 1040 2645 sic
1061 2591 1112 2664 Lg.
1136 2592 1178 2646 13.
1199 2622 1235 2631 -
1261 2596 1323 2646 eius
1425 2600 1428 2627 ²

282 2677 341 2747 rei]
360 2681 388 2730 et
405 2665 451 2729 rei
470 2674 521 2729 Gu.
538 2675 563 2728 3.
581 2703 615 2713 —
641 2674 810 2747 posuimus]
825 2692 983 2748 possumus
1002 2675 1053 2730 Gu.
1071 2678 1097 2731 3.
1134 2680 1323 2747 eupomtnuts

283 2760 430 2825 Schuetn.,
456 2760 547 2827 itaque
570 2756 656 2826 VSt.‚
680 2759 760 2814 mole.
796 2756 921 2829 „Neque
948 2760 1018 2812 enim
1044 2760 1080 2812 tle
1102 2754 1253 2814 sententiae
1278 2778 1322 2814 ex-

271 2834 447 2921 plicatione,
470 2842 523 2897 sed
544 2840 705 2912 devenio,
731 2859 785 2912 quo
810 2842 912 2912 aliquid
935 2844 1108 2915 designetur,
1132 2861 1223 2899 sermo
1249 2849 1322 2898 est.“
1426 2892 1427 2895 ,

219 2984 222 2991 4
283 2926 474 2982 Htmrteltseu.

369 3043 427 3096 153.
462 3042 568 3112 tpttur]
591 3044 732 3114 vulgatum
749 3060 820 3115 erpo
841 3044 951 3101 correrl
974 3061 1008 3098 ex
1026 3043 1077 3116 Lg.
1095 3045 1120 3100 2.
1142 3045 1182 3102 lt
1201 3045 1236 3101 33
1252 3063 1321 3102 corr.

272 3127 324 3189 ,311
353 3125 560 3180 stutiit‘tudtuts
578 3126 651 3180 louec
668 3131 761 3199 tpttur
779 3129 882 3185 transl.
905 3129 930 3183 o.
966 3133 1031 3184 stm.
1051 3133 1143 3199 tpttur
1162 3129 1236 3184 duee
1251 3148 1321 3185 corr.

283 3212 340 3266 ltue
356 3210 459 3266 transl.
478 3210 520 3265 tt.
549 3228 618 3282 erqo
637 3229 690 3267 om.
709 3212 761 3265 Gn.
777 3211 802 3264 3.
818 3241 856 3254 —-
874 3211 943 3282 itae]
962 3228 1016 3273 eqe
1033 3211 1082 3282 Lg.
1096 3214 1178 3270 1170.
1193 3215 1234 3268 73.
1252 3214 1322 3271 vio.
1425 3240 1426 3265 .

282 3297 355 3352 ltuec
372 3296 413 3350 21.
424 3296 466 3351 ds.
477 3322 513 3335 -·
530 3295 742 3364 mutuationes]
757 3301 1024 3353 transmutationes
1037 3296 1087 3366 Lg.
1101 3299 1126 3349 4.
1146 3302 1323 3353 mottattones

284 3383 325 3439 14.
346 3381 385 3435 15.
404 3381 447 3433 itt.
463 3378 506 3433 33.
524 3380 567 3434 ut.
583 3380 627 3436 du.
647 3381 688 3435 76.
706 3378 749 3434 93.
771 3394 825 3433 otu.
839 3380 864 3434 6.
882 3407 919 3420 -
943 3379 1091 3450 tadicum]
1113 3380 1167 3433 lton
1183 3383 1248 3451 quio
1262 3392 1322 3435 eunt

281 3464 407 3535 proxime
419 3464 646 3532 praecedentibus
663 3476 718 3516 nou
737 3471 813 3517 reete
827 3465 978 3519 convenite
990 3462 1146 3531 videbatur,
1161 3480 1224 3520 suun
1240 3474 1322 3521 trans

282 3546 384 3601 latium
401 3563 458 3600 non
477 3548 513 3603 ad
526 3547 717 3613 ‘iudicandam
735 3548 786 3602 sed
803 3547 839 3601 ad
854 3547 1036 3617 supplendam
1053 3556 1081 3603 et
1096 3548 1268 3605 sarciendam
1284 3551 1324 3604 ln·

282 3632 375 3702 opiam
392 3640 507 3698 utuntur,
527 3644 695 3701 magnopere
712 3632 778 3685 olim
795 3631 923 3702 placebat
939 3631 1019 3691 codd,
1038 3629 1087 3702 laq
1108 3640 1221 3701 praeter
1233 3632 1264 3686 u.
1283 3633 1321 3689 lt.
1424 3656 1425 3669 ¹

281 3714 323 3771 35.
348 3714 390 3775 61).
413 3715 546 3772 iditum
570 3715 621 3769 Gn.
646 3716 727 3770 uium
749 3723 779 3770 et
801 3715 871 3770 Vint.
894 3716 1031 3785 scripturo
1053 3715 1224 3779 otodu'aaeu,
1252 3716 1324 3787 quod

280 3799 472 3870 explicandum
490 3800 633 3854 videretur
649 3816 670 3854 u
687 3817 719 3855 se
735 3806 853 3863 amesa,
874 3805 1019 3855 amovent.
1030 3794 1191 3857 ,umam
1212 3799 1263 3870 143.
1282 3800 1322 3856 tt.

267 3883 324 3961 360.
341 3901 366 3938 e.
385 3899 420 3937 us.
437 3899 494 3938 see.
529 3884 666 3939 tudtcaut
687 3884 714 3941 d.
733 3883 774 3938 ld.
808 3884 876 3938 Cum
899 3886 931 3936 tn
948 3886 1025 3941 etto
1043 3892 1072 3937 et
1087 3886 1120 3937 nt
1138 3884 1167 3938 in
1186 3883 1324 3955 plenisque
1423 3894 1424 3901 ’

279 3967 367 4031 oodth
387 3980 445 4019 uon
466 3967 574 4036 possint
597 3965 733 4037 dignosci,
761 3983 833 4021 nunc
855 3967 928 4023 illam
954 3968 1115 4037 scripturum
1137 3984 1176 4023 ex
1199 3968 1325 4038 imp-alta

279 4066 331 4119 per
348 4064 471 4103 errorem
493 4048 597 4105 lineola
613 4067 634 4103 u
657 4048 829 4121 significante
840 4060 936 4105 ortam
952 4051 1088 4117 muitum,
1112 4052 1323 4121 explicationem

277 4141 370 4187 uotum
390 4131 540 4200 petendum
562 4148 598 4186 ex
618 4133 643 4201 §.
664 4133 722 4191 155.
738 4162 775 4179 -
800 4136 975 4208 nocuum]
999 4136 1040 4191 sie
1060 4136 1129 4193 dedi
1151 4152 1188 4193 ex
1209 4134 1262 4207 lag.
1281 4136 1322 4195 tt.
