2958 4584
380 304 444 397 nn'·
468 320 698 429 oennoo‘u
725 326 851 399 nmen
872 331 910 400 n.
933 335 984 400 sn.
1020 274 1024 284 ⁸
1118 310 1221 425 eda,

140 496 142 504 ⁴
165 516 302 563 summus
329 506 378 564 est
399 514 489 564 emor
514 497 643 564 istorum
665 500 968 599 magistrorumnad
990 519 1068 586 quos
1089 500 1208 567 liberos
1234 514 1238 519 ·

163 625 287 681 nostros
322 618 487 691 mittimus,
524 635 588 681 non
625 634 685 701 quo
716 615 777 682 boe
813 617 937 702 quidem
969 616 1010 682 ad
1043 590 1216 683 dicendum

91 718 93 727 ’
163 750 279 816 magno
305 751 400 818 opere
426 735 593 818 pertineat,
621 731 679 821 sed
704 741 809 797 tamen
834 742 868 798 ut
891 709 1026 799 uideatis
1053 736 1208 818 quamsit
1231 710 1232 715 ἵ

161 866 267 933 genus
284 849 344 916 hoo
365 869 487 925 eorum,
515 851 567 935 qui
592 847 653 913 sibi
675 849 788 914 eruditi
808 849 966 927 uidentur,
992 849 1090 915 hebes
1114 861 1205 936 atque
1229 826 1232 837 ³

160 964 347 1050 impolitum3
374 969 562 1032 constituunt
586 966 669 1030 enirn
695 967 729 1030 in
748 967 920 1051 partiendis
944 970 1118 1033 orationum
1138 976 1206 1032 mo-

117 1071 125 1091 ‘
161 1080 211 1146 dis
240 1082 299 1147 duo
322 1101 442 1166 genera
469 1100 651 1158 causarum
677 1100 770 1146 unum
797 1082 968 1168 appellant,
995 1086 1110 1168 inquo
1136 1085 1204 1149 sine
1229 1072 1231 1078 ’

71 1223 82 1230 ·
159 1201 305 1284 personis
329 1209 421 1284 atque
442 1197 632 1284 temporibus
660 1197 698 1262 de
719 1182 866 1264 universo
888 1219 1005 1283 genere
1028 1191 1204 1286 quaeratur,

79 1370 86 1383 .
161 1313 307 1392 alterum,
341 1315 424 1401 quod
451 1310 595 1400 personis
629 1317 723 1379 certis
755 1325 787 1379 et
813 1295 1003 1401 temporibus
1031 1315 1204 1394 deliniatur,

149 1433 265 1514 ignari
297 1433 397 1498 omnis
431 1432 663 1495 controversias
696 1430 737 1494 ad
762 1433 901 1496 universi
931 1434 1057 1516 generis
1082 1434 1146 1498 mun
1173 1442 1204 1497 et

159 1559 304 1613 naturam
331 1548 453 1612 reiemi.
502 1544 574 1610 134.
605 1543 685 1610 Nam
711 1548 745 1610 in
771 1565 811 1611 ea
838 1548 909 1632 ipsa
934 1566 1045 1624 eausa,
1075 1549 1114 1613 de
1141 1551 1204 1634 qua

77 1735 79 1739 .
160 1674 234 1729 ante
261 1640 341 1740 dixi,
372 1662 451 1728 nihil
476 1663 629 1748 pertineat
656 1662 701 1727 ad
725 1664 860 1727 oratoris
888 1661 978 1728 locos
1006 1660 1108 1747 Opimi
1133 1674 1204 1749 pe'r-

160 1788 269 1854 sona.
283 1778 362 1843 nibil
384 1777 471 1844 Deci.
514 1776 562 1842 De
584 1780 652 1864 ipso
675 1780 759 1843 enim
781 1780 927 1844 universo
948 1797 1065 1862 genere
1085 1774 1206 1845 infinita
1299 1855 1303 1868 ¹

159 1884 305 1981 quaestio
337 1906 394 1987 est
420 1915 492 1960 num
524 1914 627 1982 poena
656 1896 800 1961 videatur
833 1914 906 1961 esse
937 1894 1120 1981 afficiendus
1152 1898 1204 1981 qui

159 2109 210 2182 Lg.
228 2111 253 2166 3.
273 2111 298 2167 3.
318 2115 342 2167 ci.
364 2112 404 2168 13.
423 2113 474 2168 36.
493 2112 549 2167 Gu.
565 2112 590 2167 3.
608 2141 644 2154 -
673 2112 823 2181 uideatur]
846 2129 898 2168 orn.
922 2112 993 2167 vict.
1011 2142 1046 2154 -
1077 2110 1114 2166 de
1136 2114 1203 2167 utti-

159 2210 244 2248 onrso
260 2226 296 2238 —
313 2197 506 2271 temuporidue]
530 2196 600 2250 haec
626 2215 678 2252 om.
703 2198 754 2251 Gn.
775 2197 801 2252 3.
828 2226 858 2238 -
893 2198 1020 2250 alterum
1034 2225 1068 2238 -
1087 2197 1203 2267 dynant]

158 2278 307 2333 Lambinus
325 2297 361 2334 ex
377 2281 453 2346 cod,
479 2289 507 2333 ut
525 2281 605 2346 dicit,
629 2277 798 2343 Memmiano
818 2279 890 2333 bunc
906 2282 997 2339 locum
1014 2281 1054 2333 sie
1074 2279 1204 2348 scriptum
1302 2306 1305 2311 ·

159 2362 298 2414 exhibuit:
322 2364 463 2426 alterum,
483 2363 562 2432 quod
578 2365 710 2434 propriis
727 2362 896 2417 nominibus
906 2380 1108 2434 personarum
1126 2361 1205 2415 loeo·

158 2461 228 2499 reem
250 2462 287 2497 uc
311 2452 476 2516 temporum
501 2447 676 2511 distinet-um
698 2453 759 2508 est,
784 2449 816 2498 iu
839 2439 896 2514 quo
920 2462 978 2499 uno
1000 2446 1046 2499 tttt
1067 2450 1207 2517 occupati

126 2535 129 2541 “
159 2534 248 2591 sund-
278 2533 414 2600 saperius
444 2545 511 2582 uero
541 2527 630 2591 ettad,
660 2528 739 2599 quod
769 2534 864 2581 totum
893 2529 925 2582 ia
948 2532 1066 2582 ratione
1089 2532 1205 2598 pesteris

152 2612 300 2686 positum,
320 2616 409 2683 quast
420 2629 478 2664 mon
489 2614 690 2666 neocosmum
703 2616 753 2675 eit,
768 2612 856 2664 mutilis
864 2615 1037 2684 praeceptio
1051 2617 1206 2684 operiente

159 2701 264 2768 ignari
284 2714 343 2766 sqq.
379 2696 511 2750 Gruterus
533 2706 623 2749 autem
647 2713 718 2766 quoe
735 2694 779 2747 bic
801 2704 886 2749 mutet
903 2697 1039 2765 addetque
1057 2695 1205 2749 Lambinus

158 2798 251 2851 neque
270 2781 298 2834 in
316 2781 387 2836 Pali.
412 2798 463 2834 nec
479 2781 507 2833 in
525 2780 599 2835 Pitb.
618 2790 665 2834 aut
682 2779 877 2845 Memmianos,
897 2795 966 2848 qnos
984 2781 1134 2833 excusserit
1150 2779 1205 2832 G'u·
1271 2826 1273 2829 .

158 2865 291 2938 Halmius,
308 2882 442 2934 apparere
460 2874 589 2929 annotat3
613 2881 703 2932 neque
721 2865 748 2917 in
766 2864 821 2916 alio
841 2863 912 2917 libro
932 2864 987 2917 ιιΙΙο
1005 2873 1116 2932 reperta
1132 2872 1202 2920 sunt.

126 3015 129 3018 Α
160 2949 218 3003 seo
239 2946 320 3002 etiam
339 2948 381 3003 ed.
402 2948 477 3004 Lott.
497 2948 567 3002 baec
585 2936 682 3001 ha'bet:
703 2948 841 3010 alterum,
861 2951 893 2999 io
909 2964 966 3016 quo
983 2962 1041 3000 tuno
1058 2947 1104 3000 tttt
1119 2948 1204 3001 oceu-

153 3035 228 3103 patt
246 3040 329 3096 suut,
353 3033 433 3103 qaod
443 3037 582 3105 propetis
599 3028 780 3099 nominibus,
804 3030 863 3083 rell.
883 3030 982 3083 deinde
1001 3040 1030 3083 ut
1048 3021 1202 3087 Lambinus.

73 3182 75 3188 ,
159 3116 299 3170 Videntur
314 3117 395 3186 igitur
411 3134 479 3170 sane
496 3135 532 3169 en
549 3118 671 3186 margine
689 3116 751 3169 iibri
771 3113 882 3166 alicuius
899 3128 971 3166 nunc
988 3115 1072 3189 igpoti
1091 3110 1204 3169 fluxisse

161 3209 189 3253 et
206 3218 314 3253 manum
333 3202 498 3270 interpretis,
518 3200 605 3269 qualis
622 3199 789 3268 Gasparinus
805 3196 950 3249 Boruinius
967 3197 1026 3263 suit,
1043 3198 1212 3263 referre-21

157 3286 308 3357 pereooia]
334 3288 365 3337 tu
382 3275 522 3356 personis
539 3284 588 3353 Lg.
607 3282 632 3337 2.
651 3283 676 3334 4.
693 3310 729 3323 -—
755 3279 927 3347 definiatur]
944 3278 1042 3349 dtsfim.
1061 3280 1110 3351 Lg.
1126 3281 1204 3335 XVii

162 3368 213 3420 sed
231 3367 391 3433 deteriores,
408 3369 472 3421 item
489 3368 560 3421 vict.
572 3394 611 3410 ¹-—
630 3365 737 3431 omrtis]
756 3363 795 3415 sic
811 3361 883 3415 bene
901 3363 952 3420 Gu.
973 3365 996 3418 1.
1014 3364 1038 3419 3.
1057 3363 1082 3418 3.
1108 3362 1158 3435 Lg.
1177 3366 1203 3421 3.

161 3450 187 3503 3.
200 3450 225 3503 5.
245 3450 341 3505 1314.
361 3449 401 3505 16.
421 3451 462 3504 26.
479 3450 577 3504 3134.
598 3450 632 3503 32
644 3464 715 3502 corr.
735 3444 777 3501 36.
795 3445 838 3500 65.
853 3446 895 3500 ot.
907 3438 955 3500 70.
973 3448 1013 3502 73,
1031 3448 1073 3503 81.
1101 3455 1203 3508 ’611ιῖ3

164 3533 300 3587 omuibus
319 3535 351 3586 17
368 3551 438 3587 corr.
458 3542 487 3586 ut
504 3532 529 3587 2.
550 3562 581 3574 -
606 3530 840 3597 ¹controuersias]
858 3536 1091 3589 controuersiam
1107 3520 1158 3607 Lg'.
1178 3536 1204 3593 4,
1244 3542 1251 3547 ’

162 3617 215 3671 Gu.
234 3617 260 3671 3.
296 3623 325 3670 et
342 3620 545 3676 controuersia
561 3615 604 3688 33.
641 3618 843 3667 controversia
859 3613 902 3668 61.

250 3699 306 3755 lut.
337 3701 505 3772 pertimeat]
528 3700 613 3770 rorigo
631 3699 778 3768 pertinet,
800 3696 886 3750 nihilo
904 3697 1038 3765 deterius,
1057 3699 1107 3756 sed
1125 3701 1205 3773 parui

160 3782 211 3853 Lg.
236 3783 261 3837 3.
285 3785 309 3838 i.
336 3784 362 3837 6.
387 3785 428 3837 13.
453 3783 487 3838 32
505 3799 576 3836 corr.
601 3780 644 3835 36.
671 3780 724 3834 Gu.
741 3782 784 3847 3.,
807 3781 835 3834 in
860 3794 915 3849 quo
937 3796 974 3834 oe
990 3801 1041 3853 pro
1065 3786 1151 3842 astet.
1169 3816 1205 3829 -

165 3865 282 3937 Opimi]
299 3868 339 3919 sic
355 3866 405 3937 Lg.
425 3867 450 3920 5.
468 3866 508 3919 15.
527 3864 566 3918 16.
585 3864 627 3918 17.
646 3864 689 3918 35.
707 3863 750 3918 65.
768 3864 811 3919 67.
830 3864 872 3918 70.
892 3864 933 3920 73.
953 3866 996 3923 86.
1018 3869 1069 3924 Gu.
1090 3868 1112 3925 l.
1134 3871 1204 3924 idem

160 3949 297 4025 signifieat
314 3954 422 4022 optinui
438 3950 533 4019 in'Lg.
551 3948 568 4001 3
585 3964 658 4003 corr.
675 3956 705 4001 ut
722 3948 762 4014 5.,
781 3945 821 4002 13.
839 3948 882 4002 21.
901 3949 935 4003 32
953 3966 1022 4006 corr.
1042 3953 1085 4007 36.
1112 3955 1163 4008 Gu.
1179 3957 1204 4010 3.
1305 3992 1312 3997 ψ
1344 3984 1358 4009 2

161 4031 233 4086 Mox
257 4034 336 4088 Deci
358 4035 408 4106 Lg.
427 4035 451 4088 5.
473 4031 696 4088 13166576.
718 4032 759 4086 73.
777 4058 813 4072 —-
842 4034 925 4099 uum]
947 4050 1007 4087 mou
1028 4033 1079 4106 Lg.
1097 4038 1114 4088 4
1133 4052 1204 4091 corr.
1306 4064 1310 4069 ·

163 4115 215 4170 Gu.
233 4118 259 4172 3.
279 4135 307 4174 v.
326 4119 362 4172 ad
378 4119 397 4174 1.
416 4118 464 4184 58,
481 4116 540 4174 249.
561 4145 596 4159 ·-
626 4113 815 4185 afficiendus]
840 4114 1024 4181 adfiodeudue
1045 4116 1093 4184 Lg.
1114 4116 1154 4170 13.
1171 4142 1206 4157 -·
1247 4174 1249 4177 ,

954 4211 1034 4302 re,
1145 4250 1148 4258 ·
