2942 4608
278 260 377 393 448
648 312 961 385 *nicanorus
1005 371 1046 377 ,.
1092 314 1097 319 ’

279 484 354 553 aliis
384 485 418 550 in
445 500 518 550 earn
550 481 697 551 exedram
728 485 870 561 ιιιιιιιι,
902 484 936 549 in
963 501 1026 568 qna
1051 479 1189 550 Crassus
1214 485 1336 574 tposito

277 602 394 671 lectulo
419 599 632 677 recubuisset,
660 618 791 686 cunque
818 620 888 666 eun
914 602 949 666 in
973 601 1164 685 cogitatione
1191 601 1336 669 deinum

278 741 352 788 esse
384 721 556 795 sensisset,
590 720 695 785 statim
725 720 901 786 recessisse
935 727 1027 804 atque
1059 721 1092 784 in
1125 737 1164 784 eo
1196 719 1336 788 silentio

277 839 357 905 duas
384 836 481 903 horas
507 835 576 903 fere
604 855 677 903 esse
705 844 913 922 consumptas
940 822 1083 902 Deinde
1116 854 1187 901 cum
1215 857 1333 904 onnes

277 955 458 1025 inclinato
449 973 513 1019 iarn
533 955 568 1019 in
587 953 865 1044 postmeridianum
884 963 1004 1040 ternpus
1023 953 1075 1020 die
1096 955 1259 1019 venissent
1284 955 1334 1021 ad
1363 988 1365 994 >

133 1070 162 1087 ⁶
279 1059 438 1149 Crassum,
460 1068 543 1149 Quid
561 1081 618 1150 est,
642 1069 769 1150 Crasse,
791 1072 890 1156 inquit
904 1069 1044 1148 lulius,
1035 1082 1156 1136 ιιιιιιιι
1179 1077 1333 1138 sessum?
1441 1102 1442 1107 ¹

278 1191 339 1261 etsi
364 1189 559 1257 admonitura
583 1191 725 1256 remmus
757 1199 802 1266 te,
834 1208 899 1255 non
928 1186 1110 1273 flagitatum.
1158 1188 1211 1254 18.
1243 1187 1332 1255 Turn

279 1306 434 1376 Crassus:
467 1305 520 1373 An
548 1327 599 1372 ιιιι
630 1315 696 1373 tam
722 1306 930 1393 inpudentem
956 1326 1030 1372 esse
1058 1306 1258 1383 existimatis,
1293 1315 1331 1373 ut

277 1425 369 1494 vobis
390 1424 452 1494 hoc
472 1426 660 1511 praesertim
678 1444 789 1494 nunus
810 1434 914 1512 putem
936 1424 1050 1490 datius
1071 1443 1166 1510 posse
1185 1422 1330 1490 deberet
1441 1474 1442 1477 ,

230 1536 240 1555 ⁸
278 1541 416 1633 Qrdnapn
435 1543 543 1626 igitur,
569 1543 669 1628 inquit
689 1543 760 1621 ille,
787 1542 878 1609 locus
906 1561 948 1608 au
971 1544 1005 1608 in
1024 1541 1130 1607 media
1151 1540 1235 1607 silva
1253 1540 1328 1628 pla-

278 1666 349 1727 ceti
391 1656 449 1724 Est
469 1662 553 1727 eninr
578 1661 608 1727 is
629 1662 763 1727 maxime
789 1670 821 1726 et
840 1679 959 1746 opacus
985 1669 1017 1726 et
1037 1659 1180 1743 frigidus.
1226 1656 1327 1737 Sane,

276 1778 377 1863 inqrait
394 1774 545 1856 Crassus}
568 1787 599 1844 et
620 1770 703 1844 eninr
724 1786 773 1844 est
793 1780 827 1843 in
848 1797 887 1843 eo
909 1778 982 1844 loco
1005 1778 1098 1843 sedes
1119 1776 1193 1842 huic
1213 1770 1328 1843 nostro'

276 1915 342 1962 non
362 1897 538 1980 importuna
559 1897 706 1963 sermoni.
750 1893 828 1961 Curn
846 1894 1019 1981 placuisset
1040 1895 1124 1961 idern
1145 1896 1268 1972 ceteris,
1291 1897 1326 1960 in

278 2010 392 2077 silvam
412 2013 535 2077 venitur
560 2022 591 2077 et
616 2011 662 2077 ibi
683 2032 802 2096 magna
827 2033 897 2079 cum
919 2014 1068 2080 audiendi
1090 2014 1325 2100 exspectatione

278 2126 459 2208 considitnr.
493 2127 545 2193 19.
569 2126 650 2193 Tum
665 2125 811 2207 Crassus,
836 2120 913 2197 Cum
935 2121 1106 2199 auctoritas
1129 2142 1221 2218 atque
1244 2133 1325 2196 anri-

277 2245 353 2323 citia
373 2253 481 2313 vestre
504 2253 569 2313 ιιιιιι
589 2244 707 2314 Antoni
732 2247 872 2315 facilitas
900 2251 1026 2337 eripuit,
1052 2216 1167 2336 iniquit,
1193 2247 1269 2314 milri
1289 2250 1324 2314 in

280 2462 355 2534 qnod
373 2460 503 2516 Graeci
495 2430 547 2534 ipsi
564 2480 620 2518 non
638 2426 814 2521 admiserunt.
851 2466 933 2522 Certe
955 2483 1105 2521 consensus
1123 2467 1151 2519 in
1169 2484 1204 2520 ea
1220 2483 1252 2520 re
1268 2482 1324 2519 non

279 2555 356 2612 erat3
373 2561 400 2601 v.
420 2545 581 2603 Schneider
600 2548 648 2602 Gr
664 2547 726 2604 Lat.
745 2551 800 2606 vol
819 2549 840 2607 l.
858 2551 1105 2623 p.1.p.192.-
1131 2549 1325 2621 senisseJ'srs,

281 2640 314 2686 ut
333 2620 490 2685 Lambinus
503 2628 631 2703 scripsit,
655 2631 705 2704 ng
723 2633 749 2688 2.
768 2621 794 2689 3.
818 2637 843 2691 4.
867 2635 893 2690 5.
916 2637 941 2692 6.
968 2636 1008 2691 15.
1030 2636 1070 2689 17.
1093 2635 1139 2690 20.
1159 2635 1202 2688 21.
1219 2635 1260 2690 23
1279 2633 1323 2691 24.

278 2717 321 2773 32.
337 2717 380 2772 35.
395 2715 437 2771 36.
455 2714 498 2771 65.
512 2717 554 2772 60.
573 2717 614 2775 70.
629 2718 678 2774 73.·
689 2717 731 2773 81.
740 2719 792 2774 ·.84
811 2719 854 2775 86.
873 2720 917 2778 03.
940 2721 1012 2776 Vict.
1040 2718 1092 2781 Gn.
1112 2729 1176 2774 tres.
1194 2721 1323 2775 itacorr.

276 2801 326 2873 Lg.
339 2801 382 2856 67.
400 2798 436 2856 V.
451 2805 585 2858 uenisset.
601 2832 636 2843 —-
650 2807 752 2875 posito
766 2794 885 2876 lectulo]
901 2807 941 2860 sic
953 2806 1055 2860 inverti
1068 2804 1215 2859 secondum
1229 2803 1280 2873 Lg.
1295 2803 1322 2860 2.

276 2886 342 2940 34.
357 2886 382 2940 6.
400 2885 440 2941 13.
455 2886 497 2941 32.
512 2885 554 2941 36.
574 2885 626 2940 Gn.
642 2886 678 2953 3.,
697 2906 813 2958 quorum
830 2892 854 2946 4.
872 2891 913 2946 13.
933 2891 1015 2946 lecto.
1031 2920 1067 2933 —
1084 2888 1225 2944 inclinato
1244 2887 1324 2959 iam]

276 2971 333 3024 inv.
357 2970 408 3041 Lg.
426 2971 468 3025 81.
499 2970 642 3025 inclinato
660 2977 839 3044 capitelam
857 2974 882 3030 6.
906 2976 1030 3030 ridicule.
1051 3007 1082 3017 -
1110 2972 1325 3048 postmeridia-

277 3053 363 3125 rtttm]
388 3056 428 3108 sic
451 3056 577 3110 distincte
599 3055 649 3126 Lg.
668 3057 693 3111 4.
712 3054 754 3111 20.
773 3058 815 3111 23.
835 3058 877 3114 24.
896 3061 939 3114 67.
958 3061 991 3116 73
1007 3077 1077 3117 corr.
1096 3059 1137 3114 76.
1158 3058 1200 3113 81.
1217 3057 1260 3113 aa
1278 3057 1322 3113 86.

276 3138 349 3193 Vlct.
376 3137 428 3195 Gn.
448 3141 472 3194 l.
489 3139 532 3206 2.,
554 3141 678 3194 nonnulli
701 3140 808 3209 quidem
834 3143 949 3200 divisim.
984 3145 1059 3198 idern
1083 3143 1199 3198 suadent
1219 3142 1239 3215 p
1261 3159 1323 3194 me-

276 3224 429 3280 ridianum
446 3224 496 3296 Lg.
510 3224 535 3279 2.
557 3225 816 3297 posmeridianum
835 3227 934 3283 1336.
958 3227 1185 3301 postridiateum
1202 3226 1237 3280 32
1252 3241 1322 3281 corr.

278 3308 424 3371 Ciceronis
436 3308 525 3363 verba
542 3307 592 3365 Or.
611 3311 655 3377 47,
674 3310 730 3367 157.
749 3310 863 3366 soranam
881 3314 1033 3381 molliorem
1051 3331 1121 3368 sono
1140 3312 1265 3366 excusari
1282 3310 1322 3363 di·

277 3389 364 3447 'ceutis
381 3393 448 3446 satis
465 3395 614 3449 ostendunt
627 3395 739 3451 alterius
758 3398 838 3451 etiam
854 3415 933 3452 nsum
950 3400 1110 3469 permissum
1124 3399 1221 3452 visum.
1246 3395 1323 3450 Cete·

276 3493 337 3533 runs
351 3477 411 3532 cod.
430 3476 501 3534 Vict.
520 3480 662 3535 inclinato
676 3483 740 3535 iam
757 3482 819 3536 sole
830 3491 905 3556 post
916 3484 1118 3539 maranum
1134 3489 1251 3553 tempas
1264 3479 1323 3542 die,
1441 3506 1442 3519 ι

276 3561 504 3632 interpretatione
524 3564 617 3621 verbis
638 3565 780 3637 scriptoris
801 3569 931 3625 immixta.
955 3600 986 3611 -
1016 3570 1066 3624 die
1087 3565 1248 3635 emissent]
1273 3564 1324 3617 de-

275 3650 423 3701 venissent
441 3646 490 3718 ng.
507 3648 532 3704 2.
552 3650 576 3706 4.
597 3649 636 3704 13.
655 3651 698 3706 36.
716 3679 751 3694 -
779 3651 898 3723 Crasse]
917 3670 969 3708 orn.
987 3652 1039 3726 ng.
1055 3653 1079 3706 5.
1099 3653 1139 3706 14.
1159 3650 1262 3706 1516.
1281 3648 1321 3703 17.

275 3731 380 3788 2021.
398 3732 440 3790 23.
460 3733 502 3788 24.
520 3733 563 3789 67.
580 3732 623 3789 60.
643 3735 685 3791 70.
705 3736 746 3792 73.
766 3738 807 3794 ao.
826 3739 868 3794 86
887 3769 921 3779 -·-
944 3737 1074 3808 cerotem]
1091 3753 1196 3797 senum
1212 3733 1264 3804 hg.
1282 3732 1322 3786 15.

276 3816 318 3873 36.
336 3817 372 3872 86
386 3835 457 3874 corr.
481 3819 549 3873 vitio
572 3822 711 3875 conuario
733 3823 820 3890 illins,
847 3824 882 3878 de
906 3840 960 3894 qno
980 3823 1082 3876 dictum
1106 3819 1180 3875 adl.
1200 3815 1320 3885 27,125.

275 3918 393 3959 certante
409 3903 453 3958 84.
476 3903 528 3958 Gn.
549 3903 572 3959 1.
597 3905 774 3975 praemittens
794 3909 867 3976 qnid
890 3912 976 3961 enim.
1012 3906 1122 3961 Deinde
1145 3911 1210 3976 post
1233 3901 1323 3963 samo

276 3988 306 4040 in
321 3989 413 4043 medio
430 3987 568 4042 vocabulo
586 3988 684 4043 lacuna
699 3990 795 4060 incipit
813 3993 841 4045 in
858 3991 909 4064 Lg.
926 3991 987 4058 36.,
1009 4008 1081 4063 qnae
1101 3989 1219 4061 pertinet
1235 4002 1322 4055 nsque

277 4071 313 4124 ad
331 4071 419 4125 verba
440 4085 501 4122 noe
522 4077 557 4123 ιιι
576 4074 642 4125 ture
659 4081 712 4127 aad
729 4073 842 4129 indicio
866 4076 956 4143 ι.28,
976 4076 1032 4130 110.
1068 4076 1110 4131 Et
1132 4090 1171 4128 ne
1191 4069 1322 4128 admodo

278 4152 329 4223 Lg.
346 4154 389 4220 2.,
409 4153 509 4215 deinde
527 4154 624 4211 eadem
642 4155 837 4225 aasumensi
853 4174 943 4216 vactro
959 4161 1075 4217 duorum
1092 4160 1179 4215 lerme
1196 4171 1325 4214 veranum
