2968 4596
249 312 284 383 6
501 356 505 362 -
643 306 897 378 CICERONIS

250 478 461 565 magnitudine
482 479 584 546 metiri
605 478 694 557 velit,
717 470 782 546 non
797 471 963 567 auteponst
984 478 1103 546 oratori
1122 466 1305 565 imperato·

143 682 146 687 ἢ
249 604 337 664 remi
367 596 446 677 Quis
469 606 571 663 autem
593 595 723 675 dubitet,
746 599 821 683 quin
840 596 918 663 belli
940 597 1036 663 duces
1057 597 1295 683 praestantissi-

249 736 319 783 mos
341 734 380 781 ex
400 714 461 781 hac
482 734 546 780 una
567 716 691 781 civitate
713 734 813 802 paene
835 714 1087 817 innumerabilis,
1109 713 1294 780 indicendo

251 843 353 900 sutem
375 831 558 898 excellentis
578 835 632 899 vix
651 784 1131 920 paucoiitiiliobi‘ffiimust
1172 830 1203 897 8.
1225 828 1295 910 lam
1352 823 1355 826 ’
1378 911 1386 919 ,

249 971 326 1018 vero
351 940 488 1017 consilio
516 969 554 1016 ac
580 951 736 1037 sapientia
760 952 813 1036 qui
833 969 945 1034 regere
969 969 1007 1015 ac
1028 948 1204 1034 gubernare
1225 964 1295 1013 rem

212 1136 215 1143 ,
250 1066 407 1155 publicam
432 1077 576 1154 possent,
607 1068 693 1133 multi
721 1078 852 1146 nostra,'
873 1066 979 1154 plures
1000 1077 1121 1153 patrum
1143 1068 1297 1133 memorio

253 1195 344 1272 atque
367 1187 461 1252 etiam
483 1187 634 1250 maiorum
656 1188 851 1262 exstitcmnt,
874 1204 966 1270 quom
986 1183 1061 1250 boni
1083 1184 1192 1271 perdiu
1205 1183 1295 1262 nulli,

249 1304 303 1371 vix
330 1313 432 1368 autent
460 1302 593 1386 singulis
622 1302 776 1368 aetatibus
803 1301 921 1386 singuli
944 1301 1128 1367 tolerabiles
1151 1312 1296 1368 oratores
1361 1368 1364 1374 ,

100 1440 115 1456 ”
177 1422 470 1521 opmipvenirentur.
513 1418 570 1499 Ac
587 1439 628 1486 ne
655 1421 725 1506 qttis
752 1419 832 1495 forte
861 1439 939 1506 cum·
958 1419 1031 1484 eliis
1058 1419 1185 1497 studiis,
1212 1436 1296 1505 quae

42 1490 76 1511 ,1Ιὶ
97 1498 105 1515 ι
162 1499 186 1515 Μ

8 1536 11 1543 ’
32 1498 421 1607 61λ’»“““’·’6666666166
442 1538 475 1600 in
498 1534 616 1601 artibus
638 1547 730 1622 etque
752 1538 785 1601 in
805 1536 939 1623 quodam
960 1537 1112 1605 varietate
1127 1536 1296 1602 literarum

250 1663 426 1729 versentur,
455 1645 557 1737 magis
579 1650 661 1719 banc
683 1652 807 1720 dicendi
828 1656 995 1737 rationem,
1023 1672 1115 1739 quam
1141 1673 1210 1719 cum
1235 1656 1296 1719 im-

126 1779 134 1789 “
250 1771 406 1861 peratoris
427 1769 521 1836 leude
544 1780 597 1838 aut
618 1791 687 1839 cum
708 1770 783 1839 boni
805 1774 962 1839 senatoris
983 1770 1148 1860 prudentia
1168 1790 1296 1859 compa-

253 2006 351 2075 codd.,
375 2008 426 2062 sed
450 1996 514 2062 mox
538 2006 710 2063 excellentis
734 2005 785 2079 Lg„
803 2006 829 2061 3.
849 2008 874 2062 5.
894 2007 919 2061 6.
942 2007 981 2061 17.
999 2006 1041 2061 61.
1061 2005 1104 2060 64.
1126 2006 1167 2060 36.
1188 2006 1230 2083 {tit
1251 2007 1296 2063 73.

252 2093 295 2147 76.
315 2091 358 2147 84.
376 2094 415 2146 its
432 2109 504 2148 corr.
522 2094 547 2144 4.
568 2110 621 2146 om.
638 2093 681 2147 65.

342 2176 368 2231 6.
394 2176 557 2250 sapientia]
582 2180 706 2231 scicntia
729 2194 756 2247 p.
774 2171 834 2230 vor.
852 2176 903 2249 lug.
921 2178 946 2230 5.
966 2179 1113 2230 sententia
1134 2176 1186 2231 Gn.
1206 2177 1241 2230 6.’
1258 2194 1299 2231 ae

253 2264 403 2334 sapientia
428 2279 481 2316 ont.
509 2262 581 2317 Vici.
610 2262 700 2316 Ppulo
726 2270 790 2331 post
815 2262 978 2316 utilitatem
1007 2270 1035 2315 et
1059 2262 1297 2332 mapoitudinem

252 2346 363 2401 Pesrcii
381 2346 462 2400 6666.
482 2346 576 2417 plures
594 2356 621 2400 et
638 2347 696 2401 Eri.
718 2346 741 2399 1.
760 2346 786 2399 6.
815 2348 889 2416 qnod
907 2349 930 2401 si
948 2348 1074 2399 scientia
1096 2346 1214 2416 legetur,
1238 2364 1297 2403 non
1389 2394 1393 2398 .

252 2431 389 2502 improbet
403 2432 466 2495 ille3
484 2431 556 2485 mole
571 2432 688 2502 quidem.
707 2459 744 2473 ·-
757 2430 891 2504 possent]
906 2434 1027 2504 possint
1043 2429 1080 2484 U.
1092 2440 1120 2484 et
1130 2429 1179 2501 Lg.
1190 2447 1298 2498 omnes,

252 2516 487 2570 accommodatum
505 2517 540 2570 ad
557 2522 661 2571 nostra
677 2520 839 2583 mtcmorta,
857 2533 913 2570 non
928 2514 1090 2569 adverbum
1108 2520 1298 2582 esstitenmt,

254 2607 281 2653 et
299 2610 390 2655 tomen
409 2603 528 2656 sortasse
547 2603 648 2657 verius.
665 2630 701 2643 —
718 2600 818 2671 pu‘om]
836 2602 932 2670 scripsi
951 2617 985 2653 ex
998 2597 1163 2669 Lg.xvl11,
1182 2618 1297 2671 quornm

253 2693 317 2738 sunt
340 2684 366 2738 6.
386 2689 412 2739 4.
430 2685 473 2738 64.
494 2685 536 2739 36.
555 2686 597 2740 36.
616 2694 644 2739 et
661 2686 752 2750 vict,
777 2702 867 2755 quam
888 2702 955 2754 pree
972 2701 1003 2737 se
1020 2684 1155 2748 ferentem
1179 2685 1250 2738 idem
1268 2687 1298 2739 in

254 2768 317 2837 ilp.
336 2786 417 2833 ver.;
443 2775 500 2838 pcto
519 2769 645 2822 distincte
665 2769 705 2822 13.
726 2797 763 2809 ·-
786 2786 823 2823 oe
840 2769 919 2839 quis]
946 2771 975 2822 st
991 2770 1057 2837 puts
1075 2765 1126 2837 Lg.
1144 2768 1186 2822 63.
1206 2787 1299 2840 neque

254 2850 289 2904 36
307 2868 378 2904 corr.
403 2854 508 2920 nequi
533 2852 584 2905 Gu.
607 2852 630 2905 1.
651 2853 691 2920 (in
709 2851 736 2905 6.
754 2854 792 2906 nil
810 2853 933 2924 reperio)
950 2851 1040 2905 [lavo.
1063 2851 1086 2903 l.
1111 2852 1169 2907 Erl.
1190 2854 1213 2906 1.
1235 2854 1295 2909 Em.

255 2930 326 3000 On,
345 2951 460 3003 quorum
478 2944 507 2988 et
522 2934 619 2989 Beierl
637 2937 785 2990 auctoritas
803 2937 838 2990 od
856 2934 956 2990 01111.
975 2935 1018 3002 61,
1037 2936 1078 2989 74.
1099 2947 1196 2991 contra
1212 2939 1301 2994 bono·

255 3033 316 3072 rum
332 3017 464 3071 librorum
478 3019 672 3090 plerorumque
685 3018 770 3074 fidem
784 3020 879 3076 valere
895 3038 950 3075 non
965 3020 1056 3074 debet.
1077 3019 1200 3077 'Excidit
1218 3041 1233 3077 s
1248 3024 1307 3095 ss

257 3102 314 3172 (sic
332 3102 404 3165 enlm
421 3102 492 3156 solet
509 3103 609 3173 scribi)
630 3113 745 3175 propter
762 3103 920 3176 sequensf.
940 3132 975 3145 --
998 3105 1162 3176 versentur]
1181 3124 1300 3163 vasan-
1328 3132 1335 3144 ·

258 3190 308 3240 tur
324 3186 397 3240 vict.
419 3186 471 3251 Gn,
490 3185 514 3241 3.
551 3188 642 3244 Paulo
659 3198 724 3267 pote
741 3195 830 3259 atquc
847 3207 900 3243 om.
918 3189 971 3243 Gu.
990 3189 1013 3242 1.
1030 3216 1067 3231 —
1083 3194 1136 3260 qut
1152 3200 1304 3249 convertat

256 3273 391 3324 animum
411 3298 447 3312 —-
469 3273 635 3343 timuerunt
659 3291 749 3345 quam
771 3273 860 3327 multi
879 3273 957 3344 stret]
981 3273 1065 3345 vulgo
1087 3277 1220 3331 omittitur
1240 3283 1301 3348 put,

256 3354 384 3408 scribitur
398 3356 570 3427 floruerint,
596 3375 741 3429 quamque
758 3366 785 3411 et
803 3361 846 3411 sic
865 3375 916 3427 pro
934 3361 1012 3421 scot,
1033 3359 1205 3429 distinguitur
1221 3380 1302 3431 proe-
1369 3350 1379 3361 ⁶

257 3445 336 3498 teneo
358 3449 422 3510 post
447 3441 548 3506 multi,
574 3452 604 3495 ut
626 3451 690 3513 post
711 3442 739 3496 16
759 3442 872 3512 incipiat
889 3442 1028 3510 epodosis.
1064 3443 1175 3500 eronto
1193 3446 1228 3498 sit
1238 3448 1303 3501 ele·

259 3524 367 3593 guntior
384 3535 479 3581 nostre
495 3528 645 3597 scriptume,
663 3545 718 3597 quo
735 3527 812 3586 ἕλκος
824 3523 948 3580 ὕπουλον
964 3527 1065 3580 nemini
1081 3529 1302 3585 animadversum

257 3609 430 3677 sanavimus,
447 3628 503 3665 non
521 3621 651 3680 opussest
668 3612 769 3664 dicere.
794 3612 846 3680 qui
861 3609 965 3663 addunt
982 3609 1034 3663 Gn.
1046 3610 1071 3665 3.
1088 3611 1139 3681 Lg.
1154 3612 1180 3665 6.
1194 3614 1219 3667 3.
1239 3615 1264 3668 5.
1275 3616 1301 3670 6.

262 3690 302 3745 13.
323 3692 362 3746 15.
386 3694 425 3747 16.
445 3695 487 3747 61.
507 3695 549 3749 64.
569 3696 611 3749 65.
633 3696 676 3749 67.
697 3696 738 3749 76.
759 3693 801 3746 73.
821 3694 864 3747 64.
884 3693 927 3747 63.
954 3695 995 3754 ito
1018 3712 1090 3748 corr.
1115 3696 1158 3749 36.
1178 3697 1222 3752 36.
1251 3702 1305 3769 qut

213 3812 218 3827 .
263 3792 330 3829 eum
346 3783 443 3830 vertat
461 3777 503 3831 63.
527 3780 693 3850 floruerunt
715 3777 818 3831 habent
840 3776 890 3848 Lg.
912 3795 1022 3845 omnes,
1042 3778 1079 3833 U.
1099 3780 1185 3845 Vict.;
1212 3799 1303 3852 quam

262 3858 312 3929 Lg.
333 3859 358 3911 6.
381 3859 421 3912 13.
439 3860 481 3914 36.
507 3859 558 3914 Gu.
576 3861 601 3915 3.
622 3863 726 3917 addens
744 3866 776 3916 tr’t
793 3859 969 3930 (ztomen)';
995 3866 1057 3916 stet
1073 3863 1123 3934 ng.
1143 3865 1215 3932 XX,
1226 3884 1304 3937 ·quo·

263 3954 323 3994 rum
341 3951 404 3996 sunt
425 3943 451 3995 6.
471 3946 501 3996 4.
516 3945 541 3997 5.
563 3946 603 4000 13.
621 3947 664 4002 36.
684 3948 727 4002 65.
744 3945 787 4000 69.
806 3946 847 3999 76.
866 3945 1017 4012 7311166,
1042 3948 1151 4016 quidem
1169 3956 1238 4003 sunt
1256 3968 1304 4005 ex·

263 4023 365 4079 bibent.
402 4026 555 4083 Praetereo
577 4029 624 4084 Itis
646 4048 697 4102 pro
723 4034 763 4085 its
787 4029 879 4100 recepi
902 4047 938 4084 ex
955 4030 1006 4101 Ing.
1024 4029 1050 4085 3.
1068 4032 1094 4084 4.
1110 4033 1135 4085 5.
1150 4033 1177 4086 6.
1200 4033 1240 4087 13.
1261 4034 1303 4089 14.

268 4109 308 4164 15.
328 4109 428 4166 1666.
446 4112 488 4166 61.
508 4113 550 4167 63.
568 4114 610 4171 36.
630 4114 673 4169 65.
689 4116 731 4172 67.
748 4113 792 4168 69.
813 4113 854 4169 76.
875 4114 976 4170 7376.
994 4114 1036 4169 64.
1072 4116 1120 4171 Sic
1137 4126 1211 4173 ortes
1228 4118 1303 4187 illae,
