<?xml version="1.0" encoding="UTF-8"?>
<!DOCTYPE html PUBLIC "-//W3C//DTD XHTML 1.0 Transitional//EN"
    "http://www.w3.org/TR/xhtml1/DTD/xhtml1-transitional.dtd">
<html xmlns="http://www.w3.org/1999/xhtml" xml:lang="en" lang="en">
 <head>
  <title>
</title>
<meta http-equiv="Content-Type" content="text/html;charset=utf-8" />
  <meta name='ocr-system' content='tesseract 3.04.00' />
  <meta name='ocr-capabilities' content='ocr_page ocr_carea ocr_par ocr_line ocrx_word'/>
</head>
<body>
  <div class='ocr_page' id='page_1' title='image "./mtulliciceronis00ellegoog/mtulliciceronis00ellegoog_0084.png"; bbox 0 0 2968 4596; ppageno 0'>
   <div class='ocr_carea' id='block_1_1' title="bbox 429 291 1249 386">
    <p class='ocr_par' dir='ltr' id='par_1_1' title="bbox 429 291 1249 386">
     <span class='ocr_line' id='line_1_1' title="bbox 429 291 1249 386; baseline 0.02 -29"><span class='ocrx_word' id='word_1_1' title='bbox 429 291 488 358; x_wconf 79' lang='lat' dir='ltr'><strong>DE</strong></span> <span class='ocrx_word' id='word_1_2' title='bbox 516 291 742 364; x_wconf 80' lang='lat' dir='ltr'><strong>ORATORE</strong></span> <span class='ocrx_word' id='word_1_3' title='bbox 770 292 939 365; x_wconf 80' lang='lat' dir='ltr'><strong>LIBERI.</strong></span> <span class='ocrx_word' id='word_1_4' title='bbox 962 298 1012 367; x_wconf 91' lang='grc'><strong>17.</strong></span> <span class='ocrx_word' id='word_1_5' title='bbox 1121 294 1249 386; x_wconf 61' lang='grc' dir='ltr'><strong>ῃδθ</strong></span> 
     </span>
    </p>
   </div>
   <div class='ocr_carea' id='block_1_2' title="bbox 133 458 1314 1841">
    <p class='ocr_par' dir='ltr' id='par_1_2' title="bbox 133 458 1314 1841">
     <span class='ocr_line' id='line_1_2' title="bbox 194 458 1248 553; baseline 0.001 -23"><span class='ocrx_word' id='word_1_6' title='bbox 194 475 268 530; x_wconf 85' lang='lat' dir='ltr'>rum</span> <span class='ocrx_word' id='word_1_7' title='bbox 282 461 439 544; x_wconf 82' lang='lat' dir='ltr'>dixerim)</span> <span class='ocrx_word' id='word_1_8' title='bbox 465 458 591 530; x_wconf 80' lang='lat' dir='ltr'>leudem</span> <span class='ocrx_word' id='word_1_9' title='bbox 616 462 780 552; x_wconf 77' lang='lat' dir='ltr'><strong>reliquisti.</strong></span> <span class='ocrx_word' id='word_1_10' title='bbox 829 465 880 533; x_wconf 88' lang='grc'><strong>77.</strong></span> <span class='ocrx_word' id='word_1_11' title='bbox 907 463 1022 532; x_wconf 87' lang='lat' dir='ltr'>Verum</span> <span class='ocrx_word' id='word_1_12' title='bbox 1050 467 1079 532; x_wconf 89' lang='lat' dir='ltr'><strong>si</strong></span> <span class='ocrx_word' id='word_1_13' title='bbox 1104 464 1248 553; x_wconf 80' lang='lat' dir='ltr'><strong>tibiipsi</strong></span> 
     </span>
     <span class='ocr_line' id='line_1_3' title="bbox 196 578 1270 670; baseline 0.003 -26"><span class='ocrx_word' id='word_1_14' title='bbox 196 579 278 645; x_wconf 79' lang='lat' dir='ltr'><strong>nihil</strong></span> <span class='ocrx_word' id='word_1_15' title='bbox 293 578 395 656; x_wconf 88' lang='lat' dir='ltr'>deest,</span> <span class='ocrx_word' id='word_1_16' title='bbox 419 580 503 666; x_wconf 89' lang='lat' dir='ltr'>quod</span> <span class='ocrx_word' id='word_1_17' title='bbox 520 582 554 647; x_wconf 88' lang='lat' dir='ltr'><strong>in</strong></span> <span class='ocrx_word' id='word_1_18' title='bbox 568 582 747 648; x_wconf 71' lang='lat' dir='ltr'>forensibus</span> <span class='ocrx_word' id='word_1_19' title='bbox 760 583 855 649; x_wconf 87' lang='lat' dir='ltr'>rebus</span> <span class='ocrx_word' id='word_1_20' title='bbox 870 583 1077 670; x_wconf 82' lang='lat' dir='ltr'>civilibusque</span> <span class='ocrx_word' id='word_1_21' title='bbox 1092 593 1243 659; x_wconf 82' lang='lat' dir='ltr'>versetur,</span> <span class='ocrx_word' id='word_1_22' title='bbox 1263 632 1270 647; x_wconf 99' lang='lat'><strong>.</strong></span> 
     </span>
     <span class='ocr_line' id='line_1_4' title="bbox 199 699 1242 788; baseline 0.006 -27"><span class='ocrx_word' id='word_1_23' title='bbox 199 699 272 783; x_wconf 85' lang='lat' dir='ltr'>quin</span> <span class='ocrx_word' id='word_1_24' title='bbox 298 699 384 763; x_wconf 80' lang='lat' dir='ltr'>scias</span> <span class='ocrx_word' id='word_1_25' title='bbox 411 717 514 784; x_wconf 87' lang='lat' dir='ltr'>neque</span> <span class='ocrx_word' id='word_1_26' title='bbox 541 719 611 765; x_wconf 84' lang='lat' dir='ltr'><strong>eam</strong></span> <span class='ocrx_word' id='word_1_27' title='bbox 636 708 742 765; x_wconf 83' lang='lat' dir='ltr'>tamen</span> <span class='ocrx_word' id='word_1_28' title='bbox 767 701 945 778; x_wconf 82' lang='lat' dir='ltr'>scientium,</span> <span class='ocrx_word' id='word_1_29' title='bbox 975 720 1068 788; x_wconf 85' lang='lat' dir='ltr'>quam</span> <span class='ocrx_word' id='word_1_30' title='bbox 1094 699 1242 786; x_wconf 71' lang='lat' dir='ltr'><strong>adiungis</strong></span> 
     </span>
     <span class='ocr_line' id='line_1_5' title="bbox 195 813 1239 905; baseline 0.004 -25"><span class='ocrx_word' id='word_1_31' title='bbox 195 816 330 892; x_wconf 84' lang='lat' dir='ltr'>oraturi,</span> <span class='ocrx_word' id='word_1_32' title='bbox 367 813 548 901; x_wconf 84' lang='lat' dir='ltr'>complexus</span> <span class='ocrx_word' id='word_1_33' title='bbox 580 836 634 882; x_wconf 87' lang='lat' dir='ltr'><strong>es:</strong></span> <span class='ocrx_word' id='word_1_34' title='bbox 674 818 838 884; x_wconf 81' lang='lat' dir='ltr'>uideamus</span> <span class='ocrx_word' id='word_1_35' title='bbox 875 837 914 884; x_wconf 92' lang='lat' dir='ltr'><strong>ue</strong></span> <span class='ocrx_word' id='word_1_36' title='bbox 946 818 1016 905; x_wconf 87' lang='lat' dir='ltr'>plus</span> <span class='ocrx_word' id='word_1_37' title='bbox 1048 819 1079 883; x_wconf 87' lang='lat' dir='ltr'>ei</span> <span class='ocrx_word' id='word_1_38' title='bbox 1110 817 1239 896; x_wconf 85' lang='lat' dir='ltr'>tribues,</span> 
     </span>
     <span class='ocr_line' id='line_1_6' title="bbox 194 933 1238 1021; baseline 0.004 -24"><span class='ocrx_word' id='word_1_39' title='bbox 194 951 287 1018; x_wconf 83' lang='lat' dir='ltr'>quum</span> <span class='ocrx_word' id='word_1_40' title='bbox 317 951 370 998; x_wconf 89' lang='lat' dir='ltr'><strong>res</strong></span> <span class='ocrx_word' id='word_1_41' title='bbox 402 942 433 997; x_wconf 90' lang='lat' dir='ltr'><strong>et</strong></span> <span class='ocrx_word' id='word_1_42' title='bbox 462 935 581 999; x_wconf 81' lang='lat' dir='ltr'>ueritas</span> <span class='ocrx_word' id='word_1_43' title='bbox 607 936 679 1021; x_wconf 83' lang='lat' dir='ltr'>ipsu</span> <span class='ocrx_word' id='word_1_44' title='bbox 704 935 866 1001; x_wconf 86' lang='lat' dir='ltr'>concedat.</span> <span class='ocrx_word' id='word_1_45' title='bbox 920 933 970 1001; x_wconf 78' lang='grc'><strong>78.</strong></span> <span class='ocrx_word' id='word_1_46' title='bbox 1004 933 1062 1001; x_wconf 87' lang='lat' dir='ltr'><strong>Hic</strong></span> <span class='ocrx_word' id='word_1_47' title='bbox 1088 933 1238 1011; x_wconf 79' lang='lat' dir='ltr'>Crassus,</span> 
     </span>
     <span class='ocr_line' id='line_1_7' title="bbox 142 1048 1239 1136; baseline 0.006 -25"><span class='ocrx_word' id='word_1_48' title='bbox 142 1107 144 1110; x_wconf 55' lang='lat'><strong>.</strong></span> <span class='ocrx_word' id='word_1_49' title='bbox 192 1048 366 1127; x_wconf 78' lang='lat' dir='ltr'>Memento,</span> <span class='ocrx_word' id='word_1_50' title='bbox 388 1053 500 1136; x_wconf 87' lang='lat' dir='ltr'>iuquit,</span> <span class='ocrx_word' id='word_1_51' title='bbox 522 1071 571 1117; x_wconf 90' lang='lat' dir='ltr'><strong>me</strong></span> <span class='ocrx_word' id='word_1_52' title='bbox 593 1072 657 1118; x_wconf 86' lang='lat' dir='ltr'>uon</span> <span class='ocrx_word' id='word_1_53' title='bbox 678 1052 818 1129; x_wconf 83' lang='lat' dir='ltr'>demea,</span> <span class='ocrx_word' id='word_1_54' title='bbox 841 1052 900 1118; x_wconf 88' lang='lat' dir='ltr'><strong>sed</strong></span> <span class='ocrx_word' id='word_1_55' title='bbox 921 1052 960 1117; x_wconf 91' lang='lat' dir='ltr'>de</span> <span class='ocrx_word' id='word_1_56' title='bbox 983 1053 1117 1118; x_wconf 82' lang='lat' dir='ltr'>cratoris</span> <span class='ocrx_word' id='word_1_57' title='bbox 1138 1051 1239 1119; x_wconf 85' lang='lat' dir='ltr'>secul-</span> 
     </span>
     <span class='ocr_line' id='line_1_8' title="bbox 190 1167 1238 1257; baseline 0.003 -25"><span class='ocrx_word' id='word_1_58' title='bbox 190 1177 256 1232; x_wconf 83' lang='lat' dir='ltr'>tate</span> <span class='ocrx_word' id='word_1_59' title='bbox 279 1167 407 1234; x_wconf 85' lang='lat' dir='ltr'><strong>dixisse.</strong></span> <span class='ocrx_word' id='word_1_60' title='bbox 453 1167 536 1246; x_wconf 81' lang='lat' dir='ltr'><strong>Quid</strong></span> <span class='ocrx_word' id='word_1_61' title='bbox 557 1172 639 1234; x_wconf 88' lang='lat' dir='ltr'>euim</span> <span class='ocrx_word' id='word_1_62' title='bbox 660 1190 720 1236; x_wconf 87' lang='lat' dir='ltr'><strong>uas</strong></span> <span class='ocrx_word' id='word_1_63' title='bbox 742 1180 795 1236; x_wconf 83' lang='lat' dir='ltr'><strong>eut</strong></span> <span class='ocrx_word' id='word_1_64' title='bbox 817 1169 982 1236; x_wconf 81' lang='lat' dir='ltr'><strong>didicimus</strong></span> <span class='ocrx_word' id='word_1_65' title='bbox 1005 1179 1058 1241; x_wconf 81' lang='lat' dir='ltr'><strong>eut</strong></span> <span class='ocrx_word' id='word_1_66' title='bbox 1079 1172 1161 1235; x_wconf 88' lang='lat' dir='ltr'>scire</span> <span class='ocrx_word' id='word_1_67' title='bbox 1182 1189 1238 1257; x_wconf 86' lang='lat' dir='ltr'><strong>pe-</strong></span> 
     </span>
     <span class='ocr_line' id='line_1_9' title="bbox 190 1278 1314 1383; baseline 0.003 -34"><span class='ocrx_word' id='word_1_68' title='bbox 190 1286 329 1351; x_wconf 85' lang='lat' dir='ltr'>tuiruust</span> <span class='ocrx_word' id='word_1_69' title='bbox 362 1286 416 1371; x_wconf 86' lang='lat' dir='ltr'><strong>qui</strong></span> <span class='ocrx_word' id='word_1_70' title='bbox 447 1296 518 1351; x_wconf 83' lang='lat' dir='ltr'>aute</span> <span class='ocrx_word' id='word_1_71' title='bbox 546 1285 588 1353; x_wconf 84' lang='lat' dir='ltr'>ed</span> <span class='ocrx_word' id='word_1_72' title='bbox 618 1288 773 1371; x_wconf 81' lang='lat' dir='ltr'>agendum</span> <span class='ocrx_word' id='word_1_73' title='bbox 799 1306 892 1374; x_wconf 81' lang='lat' dir='ltr'>quum</span> <span class='ocrx_word' id='word_1_74' title='bbox 919 1288 961 1353; x_wconf 84' lang='lat' dir='ltr'><strong>ad</strong></span> <span class='ocrx_word' id='word_1_75' title='bbox 987 1287 1238 1373; x_wconf 81' lang='lat' dir='ltr'>cognoscendum</span> <span class='ocrx_word' id='word_1_76' title='bbox 1293 1278 1314 1383; x_wconf 27' lang='lat'><strong>&#39;¹</strong></span> 
     </span>
     <span class='ocr_line' id='line_1_10' title="bbox 148 1403 1236 1492; baseline 0.004 -26"><span class='ocrx_word' id='word_1_77' title='bbox 148 1440 155 1450; x_wconf 92' lang='lat'><em>·</em></span> <span class='ocrx_word' id='word_1_78' title='bbox 191 1403 355 1480; x_wconf 77' lang='lat' dir='ltr'>venimus3</span> <span class='ocrx_word' id='word_1_79' title='bbox 383 1404 632 1489; x_wconf 73' lang='grc'><strong>7777177777,</strong></span> <span class='ocrx_word' id='word_1_80' title='bbox 660 1424 738 1491; x_wconf 86' lang='lat' dir='ltr'>quos</span> <span class='ocrx_word' id='word_1_81' title='bbox 766 1407 799 1470; x_wconf 90' lang='lat' dir='ltr'><strong>iu</strong></span> <span class='ocrx_word' id='word_1_82' title='bbox 825 1404 1008 1485; x_wconf 81' lang='lat' dir='ltr'><strong>ambitione,</strong></span> <span class='ocrx_word' id='word_1_83' title='bbox 1036 1423 1115 1492; x_wconf 86' lang='lat' dir='ltr'>quus</span> <span class='ocrx_word' id='word_1_84' title='bbox 1143 1406 1176 1470; x_wconf 86' lang='lat' dir='ltr'><strong>iu</strong></span> <span class='ocrx_word' id='word_1_85' title='bbox 1201 1423 1236 1470; x_wconf 86' lang='lat' dir='ltr'><strong>re</strong></span> 
     </span>
     <span class='ocr_line' id='line_1_11' title="bbox 133 1509 1235 1609; baseline 0.005 -26"><span class='ocrx_word' id='word_1_86' title='bbox 133 1509 142 1517; x_wconf 72' lang='grc'><strong>’</strong></span> <span class='ocrx_word' id='word_1_87' title='bbox 187 1517 331 1606; x_wconf 82' lang='lat' dir='ltr'>publice,</span> <span class='ocrx_word' id='word_1_88' title='bbox 364 1539 441 1606; x_wconf 90' lang='lat' dir='ltr'>quus</span> <span class='ocrx_word' id='word_1_89' title='bbox 473 1522 507 1587; x_wconf 89' lang='lat' dir='ltr'><strong>iu</strong></span> <span class='ocrx_word' id='word_1_90' title='bbox 532 1523 703 1589; x_wconf 82' lang='lat' dir='ltr'>amicorum</span> <span class='ocrx_word' id='word_1_91' title='bbox 729 1524 865 1607; x_wconf 85' lang='lat' dir='ltr'>negotiis</span> <span class='ocrx_word' id='word_1_92' title='bbox 891 1542 944 1589; x_wconf 90' lang='lat' dir='ltr'><strong>res</strong></span> <span class='ocrx_word' id='word_1_93' title='bbox 970 1524 1042 1609; x_wconf 84' lang='lat' dir='ltr'>ipsu</span> <span class='ocrx_word' id='word_1_94' title='bbox 1062 1532 1134 1588; x_wconf 79' lang='lat' dir='ltr'>autc</span> <span class='ocrx_word' id='word_1_95' title='bbox 1160 1540 1235 1588; x_wconf 89' lang='lat' dir='ltr'>cuu-</span> 
     </span>
     <span class='ocr_line' id='line_1_12' title="bbox 189 1636 1232 1725; baseline 0.003 -25"><span class='ocrx_word' id='word_1_96' title='bbox 189 1636 281 1713; x_wconf 89' lang='lat' dir='ltr'>iecit‚</span> <span class='ocrx_word' id='word_1_97' title='bbox 308 1656 399 1722; x_wconf 85' lang='lat' dir='ltr'>quam</span> <span class='ocrx_word' id='word_1_98' title='bbox 423 1658 588 1725; x_wconf 79' lang='lat' dir='ltr'>possemus</span> <span class='ocrx_word' id='word_1_99' title='bbox 616 1639 737 1725; x_wconf 81' lang='lat' dir='ltr'><strong>aliquid</strong></span> <span class='ocrx_word' id='word_1_100' title='bbox 763 1639 802 1704; x_wconf 89' lang='lat' dir='ltr'>de</span> <span class='ocrx_word' id='word_1_101' title='bbox 828 1638 923 1704; x_wconf 87' lang='lat' dir='ltr'>rebus</span> <span class='ocrx_word' id='word_1_102' title='bbox 948 1641 1043 1705; x_wconf 82' lang='lat' dir='ltr'>tantis</span> <span class='ocrx_word' id='word_1_103' title='bbox 1069 1640 1232 1725; x_wconf 75' lang='lat' dir='ltr'>suspicari.</span> 
     </span>
     <span class='ocr_line' id='line_1_13' title="bbox 191 1751 1233 1841; baseline 0.005 -23"><span class='ocrx_word' id='word_1_104' title='bbox 191 1752 245 1819; x_wconf 93' lang='grc'><strong>79.</strong></span> <span class='ocrx_word' id='word_1_105' title='bbox 278 1751 368 1832; x_wconf 79' lang='lat' dir='ltr'>Quot</span> <span class='ocrx_word' id='word_1_106' title='bbox 395 1756 423 1841; x_wconf 84' lang='lat' dir='ltr'><strong>si</strong></span> <span class='ocrx_word' id='word_1_107' title='bbox 447 1755 504 1822; x_wconf 85' lang='lat' dir='ltr'><strong>tibi</strong></span> <span class='ocrx_word' id='word_1_108' title='bbox 530 1766 650 1823; x_wconf 84' lang='lat' dir='ltr'>tentum</span> <span class='ocrx_word' id='word_1_109' title='bbox 676 1759 710 1825; x_wconf 87' lang='lat' dir='ltr'><strong>iu</strong></span> <span class='ocrx_word' id='word_1_110' title='bbox 734 1756 828 1824; x_wconf 87' lang='lat' dir='ltr'>uubis</span> <span class='ocrx_word' id='word_1_111' title='bbox 854 1754 976 1822; x_wconf 84' lang='lat' dir='ltr'>videtur</span> <span class='ocrx_word' id='word_1_112' title='bbox 1002 1775 1088 1832; x_wconf 87' lang='lat' dir='ltr'>esse,</span> <span class='ocrx_word' id='word_1_113' title='bbox 1121 1755 1233 1841; x_wconf 84' lang='lat' dir='ltr'>quihus</span> 
     </span>
    </p>
   </div>
   <div class='ocr_carea' id='block_1_3' title="bbox 168 1987 1232 3758">
    <p class='ocr_par' dir='ltr' id='par_1_3' title="bbox 168 1987 1232 2635">
     <span class='ocr_line' id='line_1_14' title="bbox 275 1987 1232 2064; baseline 0.001 -22"><span class='ocrx_word' id='word_1_114' title='bbox 275 1989 316 2046; x_wconf 91' lang='lat'><strong>77.</strong></span> <span class='ocrx_word' id='word_1_115' title='bbox 352 1993 382 2044; x_wconf 84' lang='grc'><strong>77</strong></span> <span class='ocrx_word' id='word_1_116' title='bbox 397 1989 454 2046; x_wconf 82' lang='grc'><strong>7777</strong></span> <span class='ocrx_word' id='word_1_117' title='bbox 467 1993 530 2064; x_wconf 75' lang='lat' dir='ltr'><strong>ipsi</strong></span> <span class='ocrx_word' id='word_1_118' title='bbox 541 1991 633 2060; x_wconf 85' lang='grc'><strong>7777777]</strong></span> <span class='ocrx_word' id='word_1_119' title='bbox 654 1993 683 2046; x_wconf 88' lang='grc'><strong>77</strong></span> <span class='ocrx_word' id='word_1_120' title='bbox 694 1990 771 2046; x_wconf 84' lang='grc'><strong>7777777</strong></span> <span class='ocrx_word' id='word_1_121' title='bbox 782 1990 838 2047; x_wconf 79' lang='lat' dir='ltr'><strong>att</strong></span> <span class='ocrx_word' id='word_1_122' title='bbox 852 1990 950 2064; x_wconf 69' lang='lat' dir='ltr'><strong>ugit.</strong></span> <span class='ocrx_word' id='word_1_123' title='bbox 960 1992 1034 2064; x_wconf 70' lang='grc'><strong>,77777</strong></span> <span class='ocrx_word' id='word_1_124' title='bbox 1049 1987 1179 2045; x_wconf 74' lang='grc'><strong>7777177.</strong></span> <span class='ocrx_word' id='word_1_125' title='bbox 1196 2014 1232 2030; x_wconf 87' lang='lat'><strong>·-·</strong></span> 
     </span>
     <span class='ocr_line' id='line_1_15' title="bbox 185 2073 1229 2148; baseline 0 -22"><span class='ocrx_word' id='word_1_126' title='bbox 185 2076 332 2143; x_wconf 81' lang='grc'><strong>77777777]</strong></span> <span class='ocrx_word' id='word_1_127' title='bbox 352 2083 488 2130; x_wconf 84' lang='lat' dir='ltr'>uersatur</span> <span class='ocrx_word' id='word_1_128' title='bbox 509 2076 545 2132; x_wconf 91' lang='lat' dir='ltr'><strong>U.</strong></span> <span class='ocrx_word' id='word_1_129' title='bbox 563 2078 614 2148; x_wconf 80' lang='lat' dir='ltr'><strong>Lg.</strong></span> <span class='ocrx_word' id='word_1_130' title='bbox 635 2076 660 2135; x_wconf 89' lang='grc'><strong>7.</strong></span> <span class='ocrx_word' id='word_1_131' title='bbox 680 2078 697 2130; x_wconf 90' lang='grc'><strong>4</strong></span> <span class='ocrx_word' id='word_1_132' title='bbox 717 2094 789 2131; x_wconf 86' lang='lat' dir='ltr'>corr.</span> <span class='ocrx_word' id='word_1_133' title='bbox 815 2076 855 2132; x_wconf 90' lang='grc'><strong>13.</strong></span> <span class='ocrx_word' id='word_1_134' title='bbox 875 2076 910 2132; x_wconf 98' lang='grc'><strong>37</strong></span> <span class='ocrx_word' id='word_1_135' title='bbox 927 2093 997 2131; x_wconf 84' lang='lat' dir='ltr'>corr.</span> <span class='ocrx_word' id='word_1_136' title='bbox 1019 2075 1061 2131; x_wconf 89' lang='lat'><strong>36.</strong></span> <span class='ocrx_word' id='word_1_137' title='bbox 1080 2074 1122 2130; x_wconf 88' lang='grc'><strong>69.</strong></span> <span class='ocrx_word' id='word_1_138' title='bbox 1144 2073 1229 2140; x_wconf 68' lang='lat' dir='ltr'>Vise,</span> 
     </span>
     <span class='ocr_line' id='line_1_16' title="bbox 179 2159 1229 2233; baseline -0.004 -18"><span class='ocrx_word' id='word_1_139' title='bbox 179 2160 232 2228; x_wconf 78' lang='lat' dir='ltr'>‚qui</span> <span class='ocrx_word' id='word_1_140' title='bbox 251 2166 398 2214; x_wconf 78' lang='lat' dir='ltr'><strong>vereatur.</strong></span> <span class='ocrx_word' id='word_1_141' title='bbox 433 2159 500 2214; x_wconf 90' lang='lat' dir='ltr'>Nou</span> <span class='ocrx_word' id='word_1_142' title='bbox 519 2170 612 2231; x_wconf 81' lang='lat' dir='ltr'>potest</span> <span class='ocrx_word' id='word_1_143' title='bbox 630 2161 743 2233; x_wconf 83' lang='lat' dir='ltr'>probari</span> <span class='ocrx_word' id='word_1_144' title='bbox 765 2162 793 2215; x_wconf 88' lang='lat' dir='ltr'><strong>iu</strong></span> <span class='ocrx_word' id='word_1_145' title='bbox 813 2180 848 2216; x_wconf 83' lang='lat' dir='ltr'><strong>ea</strong></span> <span class='ocrx_word' id='word_1_146' title='bbox 866 2161 1006 2217; x_wconf 81' lang='lat' dir='ltr'>sententie.</span> <span class='ocrx_word' id='word_1_147' title='bbox 1024 2191 1060 2202; x_wconf 89' lang='lat'>—</span> <span class='ocrx_word' id='word_1_148' title='bbox 1098 2174 1165 2213; x_wconf 86' lang='lat' dir='ltr'>cam</span> <span class='ocrx_word' id='word_1_149' title='bbox 1183 2164 1229 2212; x_wconf 82' lang='lat' dir='ltr'><strong>ta·</strong></span> 
     </span>
     <span class='ocr_line' id='line_1_17' title="bbox 184 2242 1227 2320; baseline 0.001 -24"><span class='ocrx_word' id='word_1_150' title='bbox 184 2245 263 2312; x_wconf 84' lang='lat' dir='ltr'>mea]</span> <span class='ocrx_word' id='word_1_151' title='bbox 297 2245 353 2300; x_wconf 89' lang='lat' dir='ltr'><strong>iuv.</strong></span> <span class='ocrx_word' id='word_1_152' title='bbox 379 2242 429 2315; x_wconf 84' lang='lat' dir='ltr'><strong>Lg.</strong></span> <span class='ocrx_word' id='word_1_153' title='bbox 453 2244 494 2299; x_wconf 86' lang='grc'><strong>15.</strong></span> <span class='ocrx_word' id='word_1_154' title='bbox 518 2246 557 2301; x_wconf 87' lang='lat'><strong>17.</strong></span> <span class='ocrx_word' id='word_1_155' title='bbox 579 2246 622 2302; x_wconf 90' lang='grc'><strong>73.</strong></span> <span class='ocrx_word' id='word_1_156' title='bbox 643 2246 684 2302; x_wconf 87' lang='grc'><strong>76.</strong></span> <span class='ocrx_word' id='word_1_157' title='bbox 724 2263 761 2300; x_wconf 85' lang='grc'><strong>77</strong></span> <span class='ocrx_word' id='word_1_158' title='bbox 786 2247 826 2302; x_wconf 85' lang='grc'><strong>15.</strong></span> <span class='ocrx_word' id='word_1_159' title='bbox 850 2276 886 2289; x_wconf 86' lang='lat'><strong>·-</strong></span> <span class='ocrx_word' id='word_1_160' title='bbox 922 2245 1109 2320; x_wconf 74' lang='lat' dir='ltr'>complexus]</span> <span class='ocrx_word' id='word_1_161' title='bbox 1134 2242 1227 2316; x_wconf 81' lang='lat' dir='ltr'>caupl.</span> 
     </span>
     <span class='ocr_line' id='line_1_18' title="bbox 168 2327 1229 2406; baseline -0.002 -25"><span class='ocrx_word' id='word_1_162' title='bbox 168 2327 234 2399; x_wconf 60' lang='lat' dir='ltr'><strong>jug.</strong></span> <span class='ocrx_word' id='word_1_163' title='bbox 254 2328 342 2406; x_wconf 67' lang='lat'><strong>²·.’‘</strong></span> <span class='ocrx_word' id='word_1_164' title='bbox 380 2334 409 2380; x_wconf 88' lang='lat' dir='ltr'><strong>et</strong></span> <span class='ocrx_word' id='word_1_165' title='bbox 430 2332 555 2398; x_wconf 84' lang='grc'><strong>7777777]</strong></span> <span class='ocrx_word' id='word_1_166' title='bbox 580 2338 610 2384; x_wconf 96' lang='grc'><strong>77</strong></span> <span class='ocrx_word' id='word_1_167' title='bbox 633 2348 685 2385; x_wconf 90' lang='lat' dir='ltr'><strong>om.</strong></span> <span class='ocrx_word' id='word_1_168' title='bbox 711 2331 762 2385; x_wconf 86' lang='lat' dir='ltr'><strong>Gu.</strong></span> <span class='ocrx_word' id='word_1_169' title='bbox 783 2332 808 2387; x_wconf 90' lang='grc'><strong>3.</strong></span> <span class='ocrx_word' id='word_1_170' title='bbox 830 2361 866 2373; x_wconf 88' lang='lat'><em>-</em></span> <span class='ocrx_word' id='word_1_171' title='bbox 905 2331 1036 2399; x_wconf 82' lang='grc'><strong>77777777]</strong></span> <span class='ocrx_word' id='word_1_172' title='bbox 1065 2327 1229 2383; x_wconf 75' lang='lat' dir='ltr'><strong>tribuamus</strong></span> 
     </span>
     <span class='ocr_line' id='line_1_19' title="bbox 183 2410 1228 2482; baseline -0.002 -17"><span class='ocrx_word' id='word_1_173' title='bbox 183 2410 333 2482; x_wconf 54' lang='grc'><strong>177774.-</strong></span> <span class='ocrx_word' id='word_1_174' title='bbox 356 2413 437 2467; x_wconf 87' lang='lat' dir='ltr'>inser.</span> <span class='ocrx_word' id='word_1_175' title='bbox 458 2420 489 2464; x_wconf 91' lang='lat' dir='ltr'>ut</span> <span class='ocrx_word' id='word_1_176' title='bbox 511 2421 529 2468; x_wconf 85' lang='lat' dir='ltr'><strong>t.</strong></span> <span class='ocrx_word' id='word_1_177' title='bbox 553 2417 578 2469; x_wconf 89' lang='grc'><strong>4.</strong></span> <span class='ocrx_word' id='word_1_178' title='bbox 602 2416 641 2470; x_wconf 91' lang='grc'><strong>13.</strong></span> <span class='ocrx_word' id='word_1_179' title='bbox 666 2417 707 2471; x_wconf 90' lang='grc'><strong>37.</strong></span> <span class='ocrx_word' id='word_1_180' title='bbox 728 2416 771 2471; x_wconf 85' lang='lat'><strong>36.</strong></span> <span class='ocrx_word' id='word_1_181' title='bbox 790 2416 832 2472; x_wconf 87' lang='lat'><strong>67.</strong></span> <span class='ocrx_word' id='word_1_182' title='bbox 852 2416 894 2472; x_wconf 84' lang='grc'><strong>69.</strong></span> <span class='ocrx_word' id='word_1_183' title='bbox 913 2416 984 2470; x_wconf 90' lang='lat' dir='ltr'>Vict.</span> <span class='ocrx_word' id='word_1_184' title='bbox 1022 2412 1126 2466; x_wconf 87' lang='lat' dir='ltr'>Melius</span> <span class='ocrx_word' id='word_1_185' title='bbox 1146 2411 1228 2482; x_wconf 79' lang='lat' dir='ltr'>pauiu</span> 
     </span>
     <span class='ocr_line' id='line_1_20' title="bbox 186 2492 1226 2570; baseline -0.001 -23"><span class='ocrx_word' id='word_1_186' title='bbox 186 2504 253 2548; x_wconf 79' lang='lat' dir='ltr'>ante</span> <span class='ocrx_word' id='word_1_187' title='bbox 277 2492 440 2548; x_wconf 82' lang='lat' dir='ltr'><strong>scriberetur</strong></span> <span class='ocrx_word' id='word_1_188' title='bbox 464 2497 594 2552; x_wconf 74' lang='grc'><strong>77717-</strong></span> <span class='ocrx_word' id='word_1_189' title='bbox 631 2502 787 2570; x_wconf 82' lang='lat' dir='ltr'>concedat]</span> <span class='ocrx_word' id='word_1_190' title='bbox 817 2501 949 2555; x_wconf 82' lang='grc'><strong>7777777777</strong></span> <span class='ocrx_word' id='word_1_191' title='bbox 974 2499 1024 2569; x_wconf 80' lang='lat' dir='ltr'><strong>Lg.</strong></span> <span class='ocrx_word' id='word_1_192' title='bbox 1049 2498 1067 2550; x_wconf 87' lang='grc'><strong>7</strong></span> <span class='ocrx_word' id='word_1_193' title='bbox 1090 2512 1159 2549; x_wconf 86' lang='lat' dir='ltr'>corr.</span> <span class='ocrx_word' id='word_1_194' title='bbox 1184 2494 1226 2547; x_wconf 88' lang='grc'><strong>74.</strong></span> 
     </span>
     <span class='ocr_line' id='line_1_21' title="bbox 184 2579 279 2635; baseline -0.011 0"><span class='ocrx_word' id='word_1_195' title='bbox 184 2579 239 2635; x_wconf 86' lang='lat' dir='ltr'><strong>Gu.</strong></span> <span class='ocrx_word' id='word_1_196' title='bbox 253 2579 279 2634; x_wconf 84' lang='grc'><strong>3.</strong></span> 
     </span>
    </p>

    <p class='ocr_par' dir='ltr' id='par_1_4' title="bbox 178 2663 1225 2907">
     <span class='ocr_line' id='line_1_22' title="bbox 273 2663 1224 2744; baseline -0.002 -27"><span class='ocrx_word' id='word_1_197' title='bbox 273 2663 314 2720; x_wconf 90' lang='grc'><strong>78.</strong></span> <span class='ocrx_word' id='word_1_198' title='bbox 352 2669 406 2729; x_wconf 87' lang='grc'><strong>777</strong></span> <span class='ocrx_word' id='word_1_199' title='bbox 429 2665 538 2736; x_wconf 69' lang='lat' dir='ltr'>utute]</span> <span class='ocrx_word' id='word_1_200' title='bbox 571 2675 623 2723; x_wconf 86' lang='lat' dir='ltr'>aut</span> <span class='ocrx_word' id='word_1_201' title='bbox 647 2689 700 2726; x_wconf 90' lang='lat' dir='ltr'><strong>om.</strong></span> <span class='ocrx_word' id='word_1_202' title='bbox 724 2671 774 2744; x_wconf 85' lang='lat' dir='ltr'><strong>Lg.</strong></span> <span class='ocrx_word' id='word_1_203' title='bbox 803 2669 845 2726; x_wconf 90' lang='grc'><strong>76.</strong></span> <span class='ocrx_word' id='word_1_204' title='bbox 871 2668 913 2724; x_wconf 85' lang='grc'><strong>81.</strong></span> <span class='ocrx_word' id='word_1_205' title='bbox 937 2667 980 2723; x_wconf 80' lang='lat' dir='ltr'><strong>st.</strong></span> <span class='ocrx_word' id='word_1_206' title='bbox 1017 2680 1072 2718; x_wconf 85' lang='grc'><strong>777</strong></span> <span class='ocrx_word' id='word_1_207' title='bbox 1095 2667 1148 2715; x_wconf 86' lang='lat' dir='ltr'>aut</span> <span class='ocrx_word' id='word_1_208' title='bbox 1173 2678 1224 2715; x_wconf 87' lang='lat' dir='ltr'><strong>om.</strong></span> 
     </span>
     <span class='ocr_line' id='line_1_23' title="bbox 180 2746 1225 2824; baseline -0.004 -21"><span class='ocrx_word' id='word_1_209' title='bbox 180 2751 236 2804; x_wconf 87' lang='lat' dir='ltr'><strong>Gu.</strong></span> <span class='ocrx_word' id='word_1_210' title='bbox 257 2750 335 2804; x_wconf 81' lang='grc'><strong>1.-</strong></span> <span class='ocrx_word' id='word_1_211' title='bbox 364 2749 407 2803; x_wconf 81' lang='lat' dir='ltr'><strong>ad</strong></span> <span class='ocrx_word' id='word_1_212' title='bbox 425 2755 572 2824; x_wconf 67' lang='grc'><strong>7797777]</strong></span> <span class='ocrx_word' id='word_1_213' title='bbox 605 2757 647 2810; x_wconf 84' lang='lat' dir='ltr'><strong>ad</strong></span> <span class='ocrx_word' id='word_1_214' title='bbox 671 2774 724 2812; x_wconf 84' lang='lat' dir='ltr'><strong>om.</strong></span> <span class='ocrx_word' id='word_1_215' title='bbox 748 2758 783 2810; x_wconf 88' lang='grc'><strong>74</strong></span> <span class='ocrx_word' id='word_1_216' title='bbox 799 2756 862 2811; x_wconf 83' lang='lat' dir='ltr'><strong>add.</strong></span> <span class='ocrx_word' id='word_1_217' title='bbox 882 2754 923 2810; x_wconf 88' lang='grc'><strong>76.</strong></span> <span class='ocrx_word' id='word_1_218' title='bbox 941 2783 977 2795; x_wconf 81' lang='lat'><em>-</em></span> <span class='ocrx_word' id='word_1_219' title='bbox 1011 2748 1097 2805; x_wconf 84' lang='lat' dir='ltr'>rebus</span> <span class='ocrx_word' id='word_1_220' title='bbox 1116 2746 1225 2815; x_wconf 86' lang='grc'><strong>777777]</strong></span> 
     </span>
     <span class='ocr_line' id='line_1_24' title="bbox 178 2834 1222 2907; baseline 0.001 -20"><span class='ocrx_word' id='word_1_221' title='bbox 178 2834 434 2907; x_wconf 55' lang='lat' dir='ltr'><strong>mQfflR</strong></span> <span class='ocrx_word' id='word_1_222' title='bbox 1183 2856 1222 2903; x_wconf 14' lang='lat' dir='ltr'><strong>y&gt;</strong></span> 
     </span>
    </p>

    <p class='ocr_par' dir='ltr' id='par_1_5' title="bbox 175 2917 1224 3758">
     <span class='ocr_line' id='line_1_25' title="bbox 268 2917 1222 3001; baseline 0 -29"><span class='ocrx_word' id='word_1_223' title='bbox 268 2920 310 2974; x_wconf 82' lang='lat'><strong>73.</strong></span> <span class='ocrx_word' id='word_1_224' title='bbox 345 2923 439 2974; x_wconf 80' lang='lat' dir='ltr'>ettam</span> <span class='ocrx_word' id='word_1_225' title='bbox 459 2924 512 3001; x_wconf 74' lang='lat' dir='ltr'><strong>st]¹</strong></span> <span class='ocrx_word' id='word_1_226' title='bbox 526 2923 566 2976; x_wconf 88' lang='lat' dir='ltr'>sic</span> <span class='ocrx_word' id='word_1_227' title='bbox 594 2924 644 2996; x_wconf 85' lang='lat' dir='ltr'><strong>Lg.</strong></span> <span class='ocrx_word' id='word_1_228' title='bbox 667 2925 710 2980; x_wconf 82' lang='lat'><strong>66.</strong></span> <span class='ocrx_word' id='word_1_229' title='bbox 733 2926 775 2982; x_wconf 93' lang='lat'><strong>67.</strong></span> <span class='ocrx_word' id='word_1_230' title='bbox 800 2925 843 2981; x_wconf 80' lang='lat'><strong>69.</strong></span> <span class='ocrx_word' id='word_1_231' title='bbox 861 2925 902 2981; x_wconf 89' lang='lat'><strong>70.</strong></span> <span class='ocrx_word' id='word_1_232' title='bbox 922 2923 963 2978; x_wconf 85' lang='lat'><strong>73.</strong></span> <span class='ocrx_word' id='word_1_233' title='bbox 982 2920 1024 2976; x_wconf 90' lang='lat'><strong>76.</strong></span> <span class='ocrx_word' id='word_1_234' title='bbox 1048 2919 1090 2974; x_wconf 82' lang='grc'><strong>84.</strong></span> <span class='ocrx_word' id='word_1_235' title='bbox 1114 2917 1155 2974; x_wconf 80' lang='grc'><strong>86.</strong></span> <span class='ocrx_word' id='word_1_236' title='bbox 1180 2919 1222 2973; x_wconf 86' lang='grc'><strong>93.</strong></span> 
     </span>
     <span class='ocr_line' id='line_1_26' title="bbox 179 3004 1224 3082; baseline 0 -26"><span class='ocrx_word' id='word_1_237' title='bbox 179 3011 211 3057; x_wconf 83' lang='grc'><strong>77</strong></span> <span class='ocrx_word' id='word_1_238' title='bbox 229 3008 257 3056; x_wconf 87' lang='grc'><strong>77</strong></span> <span class='ocrx_word' id='word_1_239' title='bbox 272 3004 299 3059; x_wconf 92' lang='grc'><strong>7.·</strong></span> <span class='ocrx_word' id='word_1_240' title='bbox 323 3009 351 3060; x_wconf 85' lang='grc'><strong>77</strong></span> <span class='ocrx_word' id='word_1_241' title='bbox 366 3005 408 3060; x_wconf 86' lang='grc'><strong>81.</strong></span> <span class='ocrx_word' id='word_1_242' title='bbox 425 3037 459 3047; x_wconf 90' lang='grc'><strong>-</strong></span> <span class='ocrx_word' id='word_1_243' title='bbox 487 3025 548 3062; x_wconf 85' lang='lat' dir='ltr'><strong>noa</strong></span> <span class='ocrx_word' id='word_1_244' title='bbox 565 3014 700 3064; x_wconf 81' lang='grc'><strong>7777777777</strong></span> <span class='ocrx_word' id='word_1_245' title='bbox 719 3011 831 3082; x_wconf 76' lang='lat' dir='ltr'>defuit]</span> <span class='ocrx_word' id='word_1_246' title='bbox 848 3028 930 3066; x_wconf 84' lang='grc'><strong>77777.</strong></span> <span class='ocrx_word' id='word_1_247' title='bbox 948 3027 1008 3064; x_wconf 84' lang='lat' dir='ltr'><strong>aaa</strong></span> <span class='ocrx_word' id='word_1_248' title='bbox 1022 3007 1085 3078; x_wconf 78' lang='lat' dir='ltr'>fuit</span> <span class='ocrx_word' id='word_1_249' title='bbox 1102 3004 1170 3059; x_wconf 89' lang='lat' dir='ltr'>Vict.</span> <span class='ocrx_word' id='word_1_250' title='bbox 1188 3033 1224 3044; x_wconf 88' lang='lat'>—</span> 
     </span>
     <span class='ocr_line' id='line_1_27' title="bbox 178 3087 1224 3165; baseline -0.001 -23"><span class='ocrx_word' id='word_1_251' title='bbox 178 3088 309 3157; x_wconf 77' lang='lat' dir='ltr'><strong>hercule]</strong></span> <span class='ocrx_word' id='word_1_252' title='bbox 333 3089 429 3144; x_wconf 75' lang='lat' dir='ltr'>hercle</span> <span class='ocrx_word' id='word_1_253' title='bbox 447 3092 498 3165; x_wconf 83' lang='lat' dir='ltr'><strong>Lg.</strong></span> <span class='ocrx_word' id='word_1_254' title='bbox 520 3094 545 3148; x_wconf 91' lang='lat'><strong>3.</strong></span> <span class='ocrx_word' id='word_1_255' title='bbox 565 3093 607 3149; x_wconf 84' lang='lat'><strong>67.</strong></span> <span class='ocrx_word' id='word_1_256' title='bbox 627 3095 670 3150; x_wconf 87' lang='grc'><strong>69.</strong></span> <span class='ocrx_word' id='word_1_257' title='bbox 701 3097 777 3150; x_wconf 87' lang='lat' dir='ltr'>ercle</span> <span class='ocrx_word' id='word_1_258' title='bbox 795 3096 830 3150; x_wconf 91' lang='grc'><strong>37</strong></span> <span class='ocrx_word' id='word_1_259' title='bbox 847 3114 916 3152; x_wconf 88' lang='lat' dir='ltr'>corr.</span> <span class='ocrx_word' id='word_1_260' title='bbox 939 3104 969 3149; x_wconf 91' lang='lat' dir='ltr'>ut</span> <span class='ocrx_word' id='word_1_261' title='bbox 986 3094 1010 3149; x_wconf 83' lang='lat'><strong>3.</strong></span> <span class='ocrx_word' id='word_1_262' title='bbox 1041 3087 1224 3145; x_wconf 76' lang='lat' dir='ltr'>mehercule</span> 
     </span>
     <span class='ocr_line' id='line_1_28' title="bbox 177 3171 1223 3251; baseline 0 -26"><span class='ocrx_word' id='word_1_263' title='bbox 177 3171 223 3226; x_wconf 86' lang='grc'><strong>76.</strong></span> <span class='ocrx_word' id='word_1_264' title='bbox 240 3204 277 3215; x_wconf 89' lang='grc'>-</span> <span class='ocrx_word' id='word_1_265' title='bbox 313 3177 417 3251; x_wconf 77' lang='lat' dir='ltr'>etiam]</span> <span class='ocrx_word' id='word_1_266' title='bbox 438 3195 489 3231; x_wconf 88' lang='lat' dir='ltr'><strong>om.</strong></span> <span class='ocrx_word' id='word_1_267' title='bbox 510 3178 561 3238; x_wconf 88' lang='lat' dir='ltr'><strong>Gu.</strong></span> <span class='ocrx_word' id='word_1_268' title='bbox 583 3180 606 3234; x_wconf 95' lang='grc'><strong>1.</strong></span> <span class='ocrx_word' id='word_1_269' title='bbox 626 3180 651 3235; x_wconf 92' lang='grc'><strong>7.</strong></span> <span class='ocrx_word' id='word_1_270' title='bbox 670 3208 705 3220; x_wconf 90' lang='lat'><strong>—-</strong></span> <span class='ocrx_word' id='word_1_271' title='bbox 743 3181 893 3249; x_wconf 81' lang='grc'><strong>7777777777]</strong></span> <span class='ocrx_word' id='word_1_272' title='bbox 915 3180 1035 3234; x_wconf 73' lang='lat' dir='ltr'><strong>dicendi</strong></span> <span class='ocrx_word' id='word_1_273' title='bbox 1053 3174 1223 3230; x_wconf 67' lang='lat' dir='ltr'>usiuutissimu</span> 
     </span>
     <span class='ocr_line' id='line_1_29' title="bbox 177 3258 1221 3338; baseline -0.001 -28"><span class='ocrx_word' id='word_1_274' title='bbox 177 3258 279 3311; x_wconf 88' lang='lat' dir='ltr'>mendo</span> <span class='ocrx_word' id='word_1_275' title='bbox 303 3258 360 3315; x_wconf 82' lang='lat' dir='ltr'><strong>Eri.</strong></span> <span class='ocrx_word' id='word_1_276' title='bbox 378 3260 403 3315; x_wconf 90' lang='grc'><strong>7.</strong></span> <span class='ocrx_word' id='word_1_277' title='bbox 428 3278 480 3335; x_wconf 74' lang='lat' dir='ltr'>urg.</span> <span class='ocrx_word' id='word_1_278' title='bbox 505 3260 593 3318; x_wconf 84' lang='lat' dir='ltr'>Huvu.</span> <span class='ocrx_word' id='word_1_279' title='bbox 621 3264 643 3319; x_wconf 89' lang='lat'><strong>1.</strong></span> <span class='ocrx_word' id='word_1_280' title='bbox 668 3286 696 3335; x_wconf 80' lang='grc' dir='ltr'><strong>γ.</strong></span> <span class='ocrx_word' id='word_1_281' title='bbox 714 3266 739 3320; x_wconf 79' lang='lat' dir='ltr'><strong>d.</strong></span> <span class='ocrx_word' id='word_1_282' title='bbox 759 3285 780 3321; x_wconf 78' lang='lat' dir='ltr'>e.</span> <span class='ocrx_word' id='word_1_283' title='bbox 808 3266 857 3338; x_wconf 85' lang='lat' dir='ltr'><strong>Lg.</strong></span> <span class='ocrx_word' id='word_1_284' title='bbox 881 3266 905 3320; x_wconf 88' lang='lat'><strong>3.</strong></span> <span class='ocrx_word' id='word_1_285' title='bbox 929 3267 953 3319; x_wconf 94' lang='grc'><strong>4.</strong></span> <span class='ocrx_word' id='word_1_286' title='bbox 975 3263 1016 3318; x_wconf 88' lang='grc'><strong>71.</strong></span> <span class='ocrx_word' id='word_1_287' title='bbox 1038 3260 1079 3316; x_wconf 86' lang='grc'><strong>37.</strong></span> <span class='ocrx_word' id='word_1_288' title='bbox 1099 3258 1133 3313; x_wconf 88' lang='grc'><strong>36</strong></span> <span class='ocrx_word' id='word_1_289' title='bbox 1151 3273 1221 3311; x_wconf 89' lang='lat' dir='ltr'>corr.</span> 
     </span>
     <span class='ocr_line' id='line_1_30' title="bbox 176 3340 1222 3417; baseline 0.001 -23"><span class='ocrx_word' id='word_1_290' title='bbox 176 3341 222 3397; x_wconf 91' lang='grc'><strong>67.</strong></span> <span class='ocrx_word' id='word_1_291' title='bbox 243 3342 284 3397; x_wconf 92' lang='grc'><strong>76.</strong></span> <span class='ocrx_word' id='word_1_292' title='bbox 302 3342 344 3398; x_wconf 86' lang='grc'><strong>81.</strong></span> <span class='ocrx_word' id='word_1_293' title='bbox 362 3344 397 3399; x_wconf 88' lang='grc'><strong>93</strong></span> <span class='ocrx_word' id='word_1_294' title='bbox 413 3363 440 3400; x_wconf 87' lang='lat' dir='ltr'><strong>v.</strong></span> <span class='ocrx_word' id='word_1_295' title='bbox 454 3363 480 3401; x_wconf 89' lang='lat' dir='ltr'><strong>u.</strong></span> <span class='ocrx_word' id='word_1_296' title='bbox 494 3355 514 3402; x_wconf 90' lang='lat' dir='ltr'><strong>t.</strong></span> <span class='ocrx_word' id='word_1_297' title='bbox 534 3348 698 3404; x_wconf 70' lang='grc'><strong>17777777.</strong></span> <span class='ocrx_word' id='word_1_298' title='bbox 731 3351 789 3405; x_wconf 86' lang='lat' dir='ltr'><strong>Sed</strong></span> <span class='ocrx_word' id='word_1_299' title='bbox 806 3353 920 3405; x_wconf 81' lang='lat' dir='ltr'>aiterum</span> <span class='ocrx_word' id='word_1_300' title='bbox 939 3348 1051 3417; x_wconf 87' lang='lat' dir='ltr'>nequis</span> <span class='ocrx_word' id='word_1_301' title='bbox 1070 3340 1222 3398; x_wconf 80' lang='grc'><strong>777770771-</strong></span> 
     </span>
     <span class='ocr_line' id='line_1_31' title="bbox 175 3427 1221 3507; baseline 0.001 -28"><span class='ocrx_word' id='word_1_302' title='bbox 175 3427 217 3480; x_wconf 88' lang='grc'><strong>117</strong></span> <span class='ocrx_word' id='word_1_303' title='bbox 243 3445 296 3497; x_wconf 89' lang='lat' dir='ltr'><strong>pro</strong></span> <span class='ocrx_word' id='word_1_304' title='bbox 320 3430 477 3484; x_wconf 84' lang='lat' dir='ltr'>coniectura</span> <span class='ocrx_word' id='word_1_305' title='bbox 500 3431 617 3499; x_wconf 81' lang='lat' dir='ltr'>habeut,</span> <span class='ocrx_word' id='word_1_306' title='bbox 647 3443 688 3487; x_wconf 89' lang='lat' dir='ltr'><strong>est</strong></span> <span class='ocrx_word' id='word_1_307' title='bbox 717 3436 744 3488; x_wconf 89' lang='lat' dir='ltr'><strong>in</strong></span> <span class='ocrx_word' id='word_1_308' title='bbox 770 3436 819 3507; x_wconf 79' lang='lat' dir='ltr'><strong>Lg.</strong></span> <span class='ocrx_word' id='word_1_309' title='bbox 838 3433 955 3497; x_wconf 78' lang='lat' dir='ltr'><strong>xviii..</strong></span> <span class='ocrx_word' id='word_1_310' title='bbox 979 3431 1049 3486; x_wconf 81' lang='lat' dir='ltr'><strong>Pali.</strong></span> <span class='ocrx_word' id='word_1_311' title='bbox 1075 3429 1221 3502; x_wconf 83' lang='lat' dir='ltr'>plerisque,</span> 
     </span>
     <span class='ocr_line' id='line_1_32' title="bbox 177 3511 1220 3585; baseline 0.004 -22"><span class='ocrx_word' id='word_1_312' title='bbox 177 3511 259 3566; x_wconf 90' lang='lat' dir='ltr'><strong>codd.</strong></span> <span class='ocrx_word' id='word_1_313' title='bbox 279 3512 405 3581; x_wconf 71' lang='lat' dir='ltr'>Suffitas,</span> <span class='ocrx_word' id='word_1_314' title='bbox 432 3514 468 3570; x_wconf 90' lang='lat' dir='ltr'><strong>U.</strong></span> <span class='ocrx_word' id='word_1_315' title='bbox 487 3516 518 3570; x_wconf 89' lang='lat' dir='ltr'><strong>Z.</strong></span> <span class='ocrx_word' id='word_1_316' title='bbox 538 3537 564 3570; x_wconf 89' lang='grc'><strong>7.</strong></span> <span class='ocrx_word' id='word_1_317' title='bbox 583 3525 608 3585; x_wconf 78' lang='grc' dir='ltr'><strong>β.</strong></span> <span class='ocrx_word' id='word_1_318' title='bbox 630 3517 795 3579; x_wconf 75' lang='lat' dir='ltr'>Eriflevn.</span> <span class='ocrx_word' id='word_1_319' title='bbox 815 3521 838 3575; x_wconf 90' lang='lat' dir='ltr'><strong>l.</strong></span> <span class='ocrx_word' id='word_1_320' title='bbox 857 3518 975 3582; x_wconf 81' lang='grc'><strong>7.1177.;</strong></span> <span class='ocrx_word' id='word_1_321' title='bbox 1001 3516 1039 3569; x_wconf 90' lang='lat' dir='ltr'>sic</span> <span class='ocrx_word' id='word_1_322' title='bbox 1056 3515 1109 3568; x_wconf 86' lang='lat' dir='ltr'>ieru</span> <span class='ocrx_word' id='word_1_323' title='bbox 1126 3511 1220 3567; x_wconf 83' lang='lat' dir='ltr'>Lemb.</span> 
     </span>
     <span class='ocr_line' id='line_1_33' title="bbox 177 3595 1219 3673; baseline 0.003 -26"><span class='ocrx_word' id='word_1_324' title='bbox 177 3595 221 3649; x_wconf 86' lang='lat' dir='ltr'><strong>ed.</strong></span> <span class='ocrx_word' id='word_1_325' title='bbox 238 3596 312 3653; x_wconf 87' lang='grc'><strong>1573.</strong></span> <span class='ocrx_word' id='word_1_326' title='bbox 332 3599 491 3655; x_wconf 82' lang='lat' dir='ltr'>defletum.</span> <span class='ocrx_word' id='word_1_327' title='bbox 510 3602 581 3656; x_wconf 87' lang='lat' dir='ltr'><strong>coni.</strong></span> <span class='ocrx_word' id='word_1_328' title='bbox 597 3630 633 3643; x_wconf 82' lang='lat'><strong>--</strong></span> <span class='ocrx_word' id='word_1_329' title='bbox 668 3606 779 3673; x_wconf 85' lang='grc'><strong>7777777]</strong></span> <span class='ocrx_word' id='word_1_330' title='bbox 804 3622 857 3660; x_wconf 86' lang='lat' dir='ltr'><strong>om.</strong></span> <span class='ocrx_word' id='word_1_331' title='bbox 876 3602 917 3659; x_wconf 91' lang='grc'><strong>73.</strong></span> <span class='ocrx_word' id='word_1_332' title='bbox 943 3601 1083 3655; x_wconf 81' lang='grc'><strong>7777777777</strong></span> <span class='ocrx_word' id='word_1_333' title='bbox 1100 3596 1134 3652; x_wconf 88' lang='grc'><strong>37</strong></span> <span class='ocrx_word' id='word_1_334' title='bbox 1150 3613 1219 3650; x_wconf 85' lang='lat' dir='ltr'>carr.</span> 
     </span>
     <span class='ocr_line' id='line_1_34' title="bbox 176 3677 1220 3758; baseline 0.003 -26"><span class='ocrx_word' id='word_1_335' title='bbox 176 3678 221 3734; x_wconf 87' lang='lat'><strong>65.</strong></span> <span class='ocrx_word' id='word_1_336' title='bbox 240 3708 277 3721; x_wconf 86' lang='lat'><strong>—-</strong></span> <span class='ocrx_word' id='word_1_337' title='bbox 305 3682 444 3753; x_wconf 77' lang='lat' dir='ltr'>alicuius]</span> <span class='ocrx_word' id='word_1_338' title='bbox 463 3684 557 3739; x_wconf 77' lang='lat' dir='ltr'>alicui</span> <span class='ocrx_word' id='word_1_339' title='bbox 575 3677 629 3758; x_wconf 73' lang='lat' dir='ltr'><strong>ug.</strong></span> <span class='ocrx_word' id='word_1_340' title='bbox 638 3688 662 3743; x_wconf 87' lang='grc'><strong>7.</strong></span> <span class='ocrx_word' id='word_1_341' title='bbox 682 3700 746 3743; x_wconf 87' lang='lat' dir='ltr'>unte</span> <span class='ocrx_word' id='word_1_342' title='bbox 763 3691 791 3743; x_wconf 88' lang='lat' dir='ltr'><strong>id</strong></span> <span class='ocrx_word' id='word_1_343' title='bbox 810 3708 862 3745; x_wconf 86' lang='lat' dir='ltr'>our.</span> <span class='ocrx_word' id='word_1_344' title='bbox 882 3688 924 3742; x_wconf 84' lang='lat' dir='ltr'><strong>ad</strong></span> <span class='ocrx_word' id='word_1_345' title='bbox 943 3686 994 3742; x_wconf 82' lang='lat' dir='ltr'><strong>Gu.</strong></span> <span class='ocrx_word' id='word_1_346' title='bbox 1008 3686 1032 3741; x_wconf 89' lang='lat'><strong>3.</strong></span> <span class='ocrx_word' id='word_1_347' title='bbox 1050 3713 1086 3727; x_wconf 83' lang='lat'><em>-</em></span> <span class='ocrx_word' id='word_1_348' title='bbox 1115 3679 1220 3752; x_wconf 67' lang='grc'><strong>777777]</strong></span> 
     </span>
    </p>
   </div>
   <div class='ocr_carea' id='block_1_4' title="bbox 166 3754 1221 4180">
    <p class='ocr_par' dir='ltr' id='par_1_6' title="bbox 166 3754 1221 4180">
     <span class='ocr_line' id='line_1_35' title="bbox 176 3754 1221 3842; baseline -0.021 -3"><span class='ocrx_word' id='word_1_349' title='bbox 176 3764 277 3837; x_wconf 55' lang='grc'><strong>77777(</strong></span> <span class='ocrx_word' id='word_1_350' title='bbox 298 3766 347 3839; x_wconf 69' lang='lat'><strong>113·</strong></span> <span class='ocrx_word' id='word_1_351' title='bbox 366 3769 409 3823; x_wconf 84' lang='lat'><strong>65.</strong></span> <span class='ocrx_word' id='word_1_352' title='bbox 427 3769 468 3825; x_wconf 87' lang='lat'><strong>76.</strong></span> <span class='ocrx_word' id='word_1_353' title='bbox 487 3799 523 3812; x_wconf 83' lang='lat'>—</span> <span class='ocrx_word' id='word_1_354' title='bbox 557 3776 751 3842; x_wconf 77' lang='lat' dir='ltr'>accesserint]</span> <span class='ocrx_word' id='word_1_355' title='bbox 771 3777 930 3828; x_wconf 81' lang='lat' dir='ltr'>accesserit</span> <span class='ocrx_word' id='word_1_356' title='bbox 945 3754 1001 3835; x_wconf 61' lang='lat' dir='ltr'><strong>du.</strong></span> <span class='ocrx_word' id='word_1_357' title='bbox 1014 3770 1039 3824; x_wconf 90' lang='lat'><strong>3.</strong></span> <span class='ocrx_word' id='word_1_358' title='bbox 1059 3768 1109 3839; x_wconf 81' lang='lat' dir='ltr'><strong>Lg.</strong></span> <span class='ocrx_word' id='word_1_359' title='bbox 1129 3766 1170 3819; x_wconf 91' lang='grc'><strong>14.</strong></span> <span class='ocrx_word' id='word_1_360' title='bbox 1187 3764 1221 3818; x_wconf 89' lang='grc'><strong>74</strong></span> 
     </span>
     <span class='ocr_line' id='line_1_36' title="bbox 176 3851 1218 3917; baseline -0.006 -8"><span class='ocrx_word' id='word_1_361' title='bbox 176 3866 248 3904; x_wconf 75' lang='lat' dir='ltr'>corr.</span> <span class='ocrx_word' id='word_1_362' title='bbox 272 3851 315 3906; x_wconf 73' lang='lat'><strong>35&lt;</strong></span> <span class='ocrx_word' id='word_1_363' title='bbox 338 3851 373 3906; x_wconf 88' lang='grc'><strong>69</strong></span> <span class='ocrx_word' id='word_1_364' title='bbox 392 3871 461 3909; x_wconf 88' lang='lat' dir='ltr'>corr.</span> <span class='ocrx_word' id='word_1_365' title='bbox 485 3854 527 3910; x_wconf 87' lang='grc'><strong>84.</strong></span> <span class='ocrx_word' id='word_1_366' title='bbox 546 3855 588 3912; x_wconf 85' lang='grc'><strong>86.</strong></span> <span class='ocrx_word' id='word_1_367' title='bbox 626 3858 789 3913; x_wconf 75' lang='grc'><strong>7777777777</strong></span> <span class='ocrx_word' id='word_1_368' title='bbox 808 3860 851 3914; x_wconf 89' lang='grc'><strong>65.</strong></span> <span class='ocrx_word' id='word_1_369' title='bbox 888 3858 1079 3917; x_wconf 78' lang='lat' dir='ltr'>adcesserunt</span> <span class='ocrx_word' id='word_1_370' title='bbox 1100 3851 1134 3905; x_wconf 90' lang='grc'><strong>76</strong></span> <span class='ocrx_word' id='word_1_371' title='bbox 1150 3866 1218 3903; x_wconf 88' lang='lat' dir='ltr'>corr.</span> 
     </span>
     <span class='ocr_line' id='line_1_37' title="bbox 177 3934 1218 4014; baseline -0.003 -27"><span class='ocrx_word' id='word_1_372' title='bbox 177 3936 370 4010; x_wconf 66' lang='lat' dir='ltr'>adcesserint.</span> <span class='ocrx_word' id='word_1_373' title='bbox 387 3956 422 3979; x_wconf 72' lang='grc'><strong>’-</strong></span> <span class='ocrx_word' id='word_1_374' title='bbox 457 3939 576 4009; x_wconf 83' lang='lat' dir='ltr'>qualem</span> <span class='ocrx_word' id='word_1_375' title='bbox 595 3943 679 3997; x_wconf 78' lang='lat' dir='ltr'>illum</span> <span class='ocrx_word' id='word_1_376' title='bbox 696 3951 726 3998; x_wconf 92' lang='grc'><strong>77</strong></span> <span class='ocrx_word' id='word_1_377' title='bbox 743 3953 885 4014; x_wconf 80' lang='lat' dir='ltr'>quantum</span> <span class='ocrx_word' id='word_1_378' title='bbox 904 3944 958 4010; x_wconf 73' lang='lat' dir='ltr'>au]</span> <span class='ocrx_word' id='word_1_379' title='bbox 980 3940 1019 4009; x_wconf 75' lang='lat' dir='ltr'>sic</span> <span class='ocrx_word' id='word_1_380' title='bbox 1036 3937 1087 4007; x_wconf 82' lang='lat' dir='ltr'><strong>Lg.</strong></span> <span class='ocrx_word' id='word_1_381' title='bbox 1105 3935 1130 3988; x_wconf 91' lang='grc'><strong>7.</strong></span> <span class='ocrx_word' id='word_1_382' title='bbox 1149 3934 1173 4013; x_wconf 91' lang='grc'><strong>3.</strong></span> <span class='ocrx_word' id='word_1_383' title='bbox 1193 3934 1218 3985; x_wconf 90' lang='grc'><strong>4.</strong></span> 
     </span>
     <span class='ocr_line' id='line_1_38' title="bbox 179 4017 1219 4098; baseline -0.003 -27"><span class='ocrx_word' id='word_1_384' title='bbox 179 4019 218 4074; x_wconf 88' lang='grc'><strong>13.</strong></span> <span class='ocrx_word' id='word_1_385' title='bbox 237 4020 281 4074; x_wconf 90' lang='grc'><strong>37.</strong></span> <span class='ocrx_word' id='word_1_386' title='bbox 298 4020 401 4076; x_wconf 39' lang='grc'><strong>35736.</strong></span> <span class='ocrx_word' id='word_1_387' title='bbox 425 4023 543 4093; x_wconf 81' lang='lat' dir='ltr'>qualem</span> <span class='ocrx_word' id='word_1_388' title='bbox 560 4027 687 4096; x_wconf 77' lang='lat' dir='ltr'>qualiter</span> <span class='ocrx_word' id='word_1_389' title='bbox 704 4036 733 4081; x_wconf 91' lang='lat' dir='ltr'><strong>et</strong></span> <span class='ocrx_word' id='word_1_390' title='bbox 750 4036 894 4098; x_wconf 83' lang='lat' dir='ltr'>quantum</span> <span class='ocrx_word' id='word_1_391' title='bbox 911 4043 954 4091; x_wconf 83' lang='lat' dir='ltr'><strong>ar.</strong></span> <span class='ocrx_word' id='word_1_392' title='bbox 972 4024 1042 4075; x_wconf 92' lang='lat' dir='ltr'>Viet.</span> <span class='ocrx_word' id='word_1_393' title='bbox 1059 4037 1131 4073; x_wconf 87' lang='lat' dir='ltr'>corr.</span> <span class='ocrx_word' id='word_1_394' title='bbox 1168 4017 1219 4070; x_wconf 81' lang='lat' dir='ltr'><strong>Ge-</strong></span> 
     </span>
     <span class='ocr_line' id='line_1_39' title="bbox 166 4104 1209 4180; baseline -0.013 -18"><span class='ocrx_word' id='word_1_395' title='bbox 166 4104 227 4157; x_wconf 68' lang='grc'><strong>77371</strong></span> <span class='ocrx_word' id='word_1_396' title='bbox 247 4105 365 4175; x_wconf 77' lang='lat' dir='ltr'>qualem</span> <span class='ocrx_word' id='word_1_397' title='bbox 384 4107 469 4161; x_wconf 77' lang='lat' dir='ltr'>illum</span> <span class='ocrx_word' id='word_1_398' title='bbox 486 4115 636 4167; x_wconf 77' lang='grc'><strong>7777777777</strong></span> <span class='ocrx_word' id='word_1_399' title='bbox 652 4119 682 4164; x_wconf 89' lang='grc'><strong>77</strong></span> <span class='ocrx_word' id='word_1_400' title='bbox 698 4120 858 4180; x_wconf 80' lang='lat' dir='ltr'>quantum,</span> <span class='ocrx_word' id='word_1_401' title='bbox 878 4108 962 4169; x_wconf 80' lang='lat' dir='ltr'>etsie</span> <span class='ocrx_word' id='word_1_402' title='bbox 980 4104 1064 4162; x_wconf 68' lang='lat' dir='ltr'>Herus.</span> <span class='ocrx_word' id='word_1_403' title='bbox 1205 4116 1209 4121; x_wconf 89' lang='lat'><em>·</em></span> 
     </span>
    </p>
   </div>
   <div class='ocr_carea' id='block_1_5' title="bbox 0 0 1488 4596">
    <p class='ocr_par' dir='ltr' id='par_1_7' title="bbox 0 0 1488 4596">
     <span class='ocr_line' id='line_1_40' title="bbox 0 0 1488 4596; baseline 0 2"><span class='ocrx_word' id='word_1_404' title='bbox 0 0 1488 4596; x_wconf 95' lang='lat' dir='ltr'><strong> </strong></span> 
     </span>
    </p>
   </div>
  </div>
 </body>
</html>
