2942 4608
298 431 302 435 Ι
387 333 447 438 on
475 330 706 402 oanuoan
732 328 857 398 uranu
877 329 930 397 111.
952 330 982 397 a.
1113 330 1206 405 nar

162 527 242 576 nere
258 505 413 591 orationis
426 513 586 588 utrarnque
606 509 763 568 oratorem
779 516 1036 584 cognoveramus,
1058 498 1208 587 idipsum

167 645 274 694 sumus
304 625 339 689 in
363 641 470 689 eorum
488 638 643 710 sermone
676 616 862 684 adumbrare
893 618 1007 689 conati.
1062 614 1209 707 Quodsi

164 746 236 830 quis
263 743 336 818 erit,
365 741 418 825 qui
443 739 553 804 ductus
580 737 726 823 opiuione
746 734 834 820 uulgi
861 744 914 801 aut
934 734 1104 801 Antonium
1129 739 1208 804 ieiu-

163 863 284 927 niorem
311 867 364 923 aut
386 855 537 922 Crassum
563 854 737 941 pleniorem
761 852 862 919 fuisse
886 861 985 939 putet,
1012 871 1105 938 quarn
1132 871 1209 940 qua·

164 977 257 1044 modo
280 973 409 1041 anobis
430 982 559 1058 uterque
581 971 724 1037 inductus
742 979 799 1049 ost,
821 972 850 1035 is
873 972 932 1034 erit
954 989 993 1036 ex
1010 971 1061 1047 iis,
1085 973 1138 1056 qui
1156 965 1210 1038 aul

164 1094 239 1161 illas
266 1112 331 1158 non
357 1090 518 1156 audierint·
542 1099 595 1155 aut
619 1089 763 1155 iudicare
787 1074 851 1154 no'n
874 1088 1003 1174 possint.
1045 1086 1126 1155 Nam
1152 1089 1211 1156 fuit
1328 1070 1333 1079 ’

164 1222 311 1295 uterquc,
337 1217 371 1273 ut
396 1208 527 1293 exposui
554 1215 661 1285 antea,
691 1226 760 1273 oum
786 1205 889 1272 studio
916 1214 1008 1291 utque
1028 1207 1157 1290 ingenio
1178 1217 1211 1275 et

168 1327 312 1394 doctriua
328 1335 493 1412 praestans
513 1324 666 1401 omnibus,
687 1333 751 1388 turn
771 1325 805 1389 iu
827 1343 885 1389 suo
902 1341 1019 1407 genere
1039 1324 1212 1409 perfectum

166 1454 200 1510 ut
220 1462 322 1528 neque
349 1444 383 1507 iu
403 1442 541 1507 Antonio
564 1441 697 1520 deesset,
713 1440 766 1507 hic
787 1449 915 1507 ornatus
937 1443 1089 1509 orationis
1109 1462 1212 1530 neque

167 1564 201 1628 in
222 1558 341 1627 Crasso
363 1558 560 1628 redundaret.
1251 1542 1261 1559 ’

252 1675 290 1740 V.
315 1676 366 1743 17.
383 1675 423 1742 Ut
436 1678 532 1761 igitur
548 1683 619 1740 aute
635 1673 796 1739 meridiem
812 1674 1025 1742 discesserunt
1039 1677 1214 1762 paululum-

170 1791 230 1891 que
252 1795 444 1880 requierunt,
473 1793 637 1879 inprimis
658 1790 720 1857 hoc
748 1810 825 1857 ose
849 1789 941 1856 Goua
964 1793 1215 1862 animadversum

170 1932 244 1980 esse
266 1912 390 1978 dicebat
416 1906 507 1978 anone
534 1910 614 1977 illud
641 1917 760 1995 ternpus
782 1909 988 1975 meridianum
1010 1908 1160 1998 Crassum
1180 1917 1214 1980 in

122 2021 129 2026 ’
170 2033 325 2097 acerrimo
346 2040 438 2116 atque
461 2029 670 2095 attentissima
689 2028 880 2111 cogitatione
901 2028 1046 2113 posuisse
1068 2049 1212 2119 seseque,

169 2150 222 2235 qui
251 2148 367 2214 vultum
400 2140 488 2225 eius,
521 2166 592 2213 oum
622 2146 653 2211 ei
685 2143 851 2212 dicendum
881 2155 981 2224 esset,
1016 2147 1213 2236 obtutumque

119 2316 125 2319 ,
151 2267 331 2334 ‘oculorum
361 2267 396 2330 in
422 2264 590 2348 cogitando
618 2260 716 2351 probe
742 2271 852 2327 nosset
871 2271 978 2349 ,atque
1009 2265 1044 2328 in
1069 2268 1215 2332 maximis

118 2424 123 2428 ·
171 2385 278 2450 causis
309 2400 405 2466 saepe
435 2380 585 2457 vidisset,
621 2386 685 2443 turn
721 2376 828 2444 dedito
857 2396 954 2463 opera
984 2381 1217 2464 quiescentibus

171 2594 351 2672 lupertebont
369 2611 430 2666 Ald.
449 2610 518 2665 lunt.
535 2608 614 2662 Man.
632 2607 729 2675 erum
755 2625 809 2680 qua
831 2610 1011 2678 auctoritate,
1034 2613 1163 2670 nescitur.
1180 2643 1216 2658 ·-

172 2693 309 2768 amaldo]
332 2714 385 2751 our.
409 2695 460 2766 Lg.
479 2695 505 2751 3.
529 2697 554 2749 l.
581 2693 621 2749 13.
642 2693 676 2747 33
695 2694 757 2750 add.
780 2692 823 2749 36.
842 2721 877 2735 -
908 2693 1046 2761 teducius
1068 2698 1216 2768 aatltnol.

171 2776 251 2838 esset
270 2782 322 2837 Gn.
341 2783 366 2839 3.
392 2779 443 2852 bg.
461 2780 486 2834 3.
505 2781 530 2835 d.
551 2778 591 2834 13.
610 2779 645 2833 33
663 2795 733 2834 corr.
752 2779 794 2834 36.
815 2777 857 2834 93.
882 2780 922 2833 ilo
938 2794 1023 2850 supra
1041 2782 1171 2855 seriptum
1188 2786 1217 2838 in

170 2869 215 2925 84.
232 2897 267 2911 ν-
297 2884 336 2921 eur
358 2865 412 2935 ils]
436 2882 474 2918 eu
496 2863 545 2918 lule
569 2863 620 2935 Lg.
638 2864 682 2918 33.
705 2863 749 2919 65.
768 2863 811 2917 67.
829 2862 872 2917 69.
897 2863 940 2919 31.
958 2864 1000 2919 84.
1028 2866 1080 2920 Gu.
1100 2876 1164 2925 tres.
1182 2895 1218 2912 »-

171 2950 343 3021 audiemur]
361 2950 493 3004 audierit
509 2947 563 3020 Ing:
578 2958 691 3019 praeter
709 2948 749 3003 16.
767 2947 809 3003 33.
827 2948 868 3002 76.
888 2948 930 3003 73.
950 2948 1019 3003 vra.
1045 2949 1096 3006 Gn.
1111 2952 1136 3008 3.
1155 2954 1217 3009 Ald.

172 3034 243 3091 lunt.
260 3035 338 3091 Mun.
358 3034 452 3100 Grut,
475 3033 617 3102 eidemque
634 3035 725 3088 statim
741 3036 846 3105 possit.
867 3064 899 3074 -
931 3050 998 3088 cum
1014 3036 1129 3107 eludia]
1155 3044 1219 3093 lum

172 3121 273 3176 studia
296 3119 346 3191 Lg.
365 3120 391 3174 l.
414 3120 448 3172 34
465 3134 535 3171 corr.
554 3117 597 3173 33.
615 3147 651 3161 -
681 3124 770 3189 atquc
787 3116 919 3190 laquata]
938 3125 968 3174 et
985 3122 1044 3191 tuq.
1069 3119 1121 3174 Gn.
1139 3122 1165 3178 3.
1182 3151 1219 3166 v·-

172 3204 222 3262 lrlc
240 3203 377 3275 amalus]
398 3202 446 3258 lule
466 3219 518 3259 onu
539 3201 590 3258 Gu.
609 3203 634 3259 3.
683 3260 687 3269 ,
1073 3202 1079 3208 ’

175 3356 178 3363 ·
257 3324 293 3381 V.
329 3322 370 3378 17.
407 3320 623 3392 discesserunt]
641 3322 825 3377 recesserunt
841 3321 892 3394 Lg.
908 3322 934 3376 3.
948 3351 984 3363 -
995 3321 1219 3396 paululumque]

173 3426 226 3465 om.
245 3408 295 3480 Ing.
310 3408 337 3463 3.
356 3408 381 3462 l.
402 3408 442 3462 13.
462 3406 496 3459 33
511 3406 574 3463 odd.
593 3415 623 3460 ut
640 3408 664 3462 3.
690 3407 742 3462 Ga.
757 3405 782 3461 3.
816 3406 994 3479 paulumque
1011 3406 1036 3463 3.
1057 3407 1097 3463 15.
1115 3406 1158 3463 65.
1176 3402 1220 3463 67.

173 3494 215 3550 70.
236 3493 277 3548 73.
297 3491 339 3547 76.
376 3492 479 3563 Scripsi
497 3491 710 3564 paululumque
732 3508 793 3544 curn
815 3490 866 3563 Lg.
884 3491 927 3545 69.
950 3492 1038 3559 vice,
1063 3495 1128 3563 quia
1150 3494 1219 3550 haec

172 3580 310 3649 scriptura
335 3578 404 3631 alias
427 3577 621 3635 bonorum'et
642 3576 820 3645 plurimorum
844 3584 894 3630 est.
939 3575 1029 3630 Etiam
1052 3583 1221 3648 repuleram

175 3665 307 3716 omittitur
324 3662 430 3727 inillis,
449 3677 518 3730 quos
533 3659 600 3723 dixi,
617 3665 645 3711 et
658 3675 725 3712 sane
741 3656 824 3712 dubio
842 3677 887 3714 res
903 3670 953 3728 est,
970 3679 1005 3715 an
1019 3679 1075 3717 non
1088 3663 1222 3732 sequendi

174 3747 330 3802 videantur.
355 3745 482 3799 Ceterum
497 3747 704 3813 requieverunt
721 3741 773 3813 Lg-
783 3742 826 3798 81.
842 3776 873 3785 -
892 3749 924 3799 iu
932 3747 1058 3818 primis]
1072 3751 1222 3821 imprimis

175 3830 228 3901 hg.
246 3829 289 3883 33.
307 3828 350 3882 63.
368 3827 409 3881 76.
428 3827 471 3883 86.
489 3855 524 3869 -
543 3825 674 3897 seseque]
693 3843 757 3879 cece
776 3826 827 3881 Gu.
848 3830 873 3885 3.
895 3861 926 3871 -
950 3831 1152 3903 ablutumque]
1171 3832 1221 3886 ab·

175 3919 344 3984 lullumque
366 3910 417 3981 ug.
436 3910 462 3966 3.
486 3911 511 3964 «l.
535 3910 560 3965 6.
584 3910 626 3967 33.
650 3911 693 3966 67.
721 3912 760 3965 ila
783 3929 853 3967 corr.
873 3912 898 3969 3.
922 3915 965 3971 33.
981 3942 1018 3957 —-
1047 3915 1221 3987 caqltamla]

175 4003 360 4072 capitatione
383 3995 435 4050 Gn.
453 3993 479 4049 3.
496 4022 531 4036 —-
560 3994 678 4067 dedita]
702 3995 804 4050 debila
826 3995 875 4067 Lg.
894 3999 919 4053 3.
941 3997 982 4054 76.
1005 3999 1048 4053 31.
1074 4000 1125 4055 Ga.
1144 4000 1169 4052 3.
1184 4025 1222 4037 -·

176 4083 302 4156 exedra]
326 4080 550 4151 aspirationem,.
562 4087 592 4132 ut
608 4079 676 4147 leci,
700 4079 828 4152 ong.
848 4070 937 4146 11di
962 4082 1119 4152 sequendos
1140 4081 1221 4143 duco,

177 4171 242 4239 quia
257 4171 292 4227 tn·
301 4164 439 4226 vocabolo
453 4161 566 4220 ,Graeco
584 4162 683 4224 Latine
698 4166 801 4237 scripto
818 4164 1014 4222 admittendum
1029 4162 1085 4218 nou
1101 4162 1221 4228 videtur,
