2938 4590
278 414 280 417 Ι
379 317 445 386 os
472 260 702 388 οιιιοιιιι
728 314 911 386 iussu.
933 314 984 387 so.
1102 312 1202 396 'sss

149 485 343 557 familiam:
371 498 403 556 ut
424 509 493 556 oum
513 498 646 577 patrono
668 488 767 567 maio,
790 506 861 554 eum
881 495 992 556 v'oeem
1008 486 1046 555 'iu
1067 488 1202 558 desudo

149 602 346 686 suddisset,
372 606 526 674 suadebat
548 605 700 685 Grauius,
727 616 760 672 ut
785 605 917 672 mulsum
943 606 1091 692 frigidum
1111 608 1203 676 hue-

146 736 213 803 ret,
237 724 333 791 simul
356 745 394 791 ao
416 725 540 792 domum
560 724 712 802 redissem
726 725 884 798 Perdam,
907 726 1015 811 inquit,
1035 746 1151 801 suessa
1174 732 1203 795 a
1314 707 1320 713 ⁵

149 845 185 908 id
201 844 318 926 resera
336 880 375 892 —-
397 845 513 913 Melius
527 854 583 916 est,
605 844 714 927 iuquit,
737 860 833 924 paam
849 861 948 907 reum.
983 842 1057 908 686.
1078 842 1203 911 Bellum

150 963 251 1025 etiam
274 970 338 1037 est,
355 980 434 1026 -cum
460 959 535 1047 quid
555 961 666 1045 cuique
689 961 994 1049 sioeouseutaneum
1015 960 1141 1027 dieitur:
1169 973 1203 1028 ut

96 1071 118 1092 ²
150 1084 226 1143 eum‘
249 1075 392 1143 Scaurus
418 1096 482 1142 uon
508 1075 626 1142 nullam
646 1076 786 1159 haberet„
801 1077 951 1145 iuvidiam
978 1097 1017 1143 ex
1038 1098 1091 1157 eo,
1119 1079 1202 1166 quod
1310 1148 1314 1169 ,

149 1193 349 1278 Phrygionis
374 1191 502 1280 Pompei
533 1191 699 1281 locupletis
724 1192 859 1261 homimis
888 1193 986 1261 boma'
1005 1196 1074 1261 siue
1104 1206 1203 1263 testa
1315 1252 1320 1260 .

149 1321 263 1377 mento
283 1310 478 1396 possederat,
500 1310 684 1396 sedeietque
707 1311 879 1379 advocatus
899 1332 955 1380 reo
971 1310 1110 1391 Bestiae,
1132 1334 1203 1380 oum

150 1426 252 1493 fumus
274 1427 429 1513 quoddam
451 1427 630 1505 duceretur,
658 1439 824 1495 aecusator
846 1427 880 1495 6.
903 1428 1085 1509 Memmius,
1117 1433 1200 1507 Vide,

150 1547 271 1631 iuquit,
292 1544 433 1619 Seuere,
459 1555 605 1610 mortum
626 1548 768 1626 rapitur,
791 1549 819 1610 si
836 1557 924 1628 potes
946 1567 1009 1613 esse
1026 1567 1203 1631 possessoss

151 1661 232 1728 684.
256 1660 322 1727 Sed
343 1682 382 1727 ex
396 1660 447 1726 his
468 1661 611 1728 omnibus
633 1661 711 1727 uihil
733 1666 835 1745 magis
857 1662 983 1734 ridetur.
1005 1684 1098 1749 quam
1119 1667 1203 1752 quod
1234 1744 1239 1752 ,

84 1854 88 1860 ,
154 1787 208 1844 est
244 1788 370 1864 praeter
405 1781 689 1865 exspectationem
727 1780 816 1844 euius
852 1780 1096 1846 innumerabilia
1132 1792 1203 1850 suus

155 1895 318 1982 exempla,
347 1896 399 1962 vel
425 1896 507 1983 Appi
538 1887 669 1962 maioris
697 1896 799 1991 illius,
832 1899 884 1982 qui
911 1900 946 1962 iu
973 1906 1099 1977 senatu,
1132 1906 1202 1966 eum

155 1994 307 2097 ageretur
332 2013 370 2079 de
393 2013 481 2097 agris
501 2013 636 2100 publicis
664 2024 695 2079 et
721 2013 760 2078 de
780 2013 854 2099 lege
871 1996 999 2082 'Thoria
1024 2026 1055 2082 et
1078 2036 1202 2104 premes

154 2141 244 2196 retur
263 2129 405 2198 Lucilius
432 2131 474 2197 ab
500 2133 555 2209 iis,
582 2134 635 2218 qui
663 2150 684 2198 a
709 2151 823 2218 pecore
850 2134 919 2198 eius
947 2133 1076 2221 depasci
1103 2154 1200 2220 agros
1284 2136 1290 2147 “

154 2364 272 2416 receuti.
291 2364 354 2431 post
370 2360 435 2414 Seis.
470 2362 503 2416 Α.
522 2354 644 2417 Aldueio
662 2364 703 2430 (ι)
727 2363 789 2418 edd
812 2365 969 2433 antiquiss,
992 2365 1077 2418 etsie
1098 2364 1149 2436 14.
1166 2366 1203 2420 66

156 2462 232 2501 sorr.
252 2444 353 2499 ad.—
375 2451 405 2496 et
419 2444 520 2515 ualde]
538 2452 568 2499 et
584 2463 638 2501 om.
655 2446 705 2517 14.
722 2446 748 2500 6.
765 2445 860 2501 66.-
884 2447 1051 2502 iudicatum
1068 2449 1145 2521 esse]
1161 2452 1209 2505 sie'

156 2518 259 2586 investi
277 2546 338 2585 eum
356 2529 407 2599 14.
424 2529 450 2581 6.
468 2530 510 2583 66.

245 2614 305 2669 686.
335 2613 441 2684 etiam]
459 2624 523 2668 anie
537 2613 646 2668 similis
662 2599 771 2684 ponitur
786 2614 876 2686 iulg.
890 2614 914 2669 6.
930 2612 972 2670 66.
991 2631 1044 2669 om.
1059 2615 1100 2671 lo.
1112 2617 1154 2672 66.
1166 2626 1202 2659 -’

157 2698 340 2769 admonitio]
359 2701 399 2752 sie
415 2700 571 2770 adiungitur
585 2697 753 2768 familiaris
774 2699 801 2751 iu
820 2698 930 2769 1466.
952 2700 1150 2771 inveniamque
1171 2707 1203 2763 is

157 2785 261 2840 dando
280 2783 412 2839 oonsilio.
428 2813 465 2825 —
482 2782 658 2853 obticuisset]
676 2781 831 2837 obtulisset
848 2783 896 2854 14.
911 2774 937 2838 6.
952 2784 976 2839 6.
997 2784 1037 2839 17.
1050 2785 1091 2839 66.
1112 2785 1153 2841 66.
1167 2816 1202 2827 -

160 2866 307 2940 Granius]
327 2886 353 2924 v.
375 2869 400 2936 4.
419 2868 479 2939 681.
496 2896 533 2910 -
562 2869 653 2922 amul
668 2867 718 2938 ae]
741 2868 780 2921 sic
794 2868 903 2922 divisim
921 2867 972 2940 14.
989 2870 1015 2925 6.
1037 2871 1076 2926 17.
1095 2871 1138 2927 65.
1157 2870 1200 2929 66.

110 2994 114 2999 .
156 2957 201 3010 76.
219 2954 260 3009 76.
277 2953 319 3009 76.
337 2953 370 3008 81
390 2971 460 3008 eoru.
477 2953 520 3009 84.
537 2981 573 2994 -
597 2953 695 3023 reum]
713 2970 778 3007 rom
795 2952 845 3024 14.
860 2953 904 3007 66.
1237 2974 1241 2980 ·

245 3040 304 3094 686.
338 3039 419 3110 eum]
437 3038 515 3109 puod
531 3037 582 3109 14.
599 3038 623 3092 6.
643 3037 685 3093 66.
707 3039 724 3092 i.
743 3055 768 3093 e.
787 3031 884 3108 quom,⁸
905 3038 988 3107 idque
1005 3027 1202 3094 restituendum

156 3126 241 3193 ieret,
259 3125 310 3178 uisi
326 3124 369 3178 hie
386 3125 475 3179 adhue
493 3141 648 3180 careremus
665 3123 745 3178 codd.
764 3124 788 3177 4.
810 3122 850 3176 16.
868 3121 912 3175 66.
937 3122 988 3177 Gu.
1007 3123 1032 3179 6.
1053 3155 1085 3164 -
1114 3124 1201 3196 quid]

157 3211 239 3282 quod
255 3210 304 3281 14.
319 3210 343 3264 6.
363 3209 459 3262 Lami).
488 3209 521 3262 sd
537 3226 608 3263 corr.
628 3208 662 3261 id
679 3208 758 3278 quod
775 3207 811 3261 66
827 3224 898 3261 cors.
919 3224 943 3261 u.
958 3214 1028 3261 1.-
1051 3207 1200 3280 Plerppioss

157 3296 220 3367 nis]
234 3293 390 3366 friplooss,
403 3297 569 3368 prpptouis,
584 3296 742 3365 meionis,
755 3290 1080 3364 46844546414666,
1095 3299 1201 3365 pupio-

157 3387 206 3436 uis
221 3379 272 3451 14.
293 3387 404 3450 praeter
418 3380 461 3434 67.
479 3387 601 3449 peceant.
619 3407 653 3419 —-
682 3374 827 3448 Ponepei]
847 3377 944 3446 scripsi
967 3392 1002 3429 ex
1021 3376 1071 3447 14.
1091 3386 1202 3447 praeter

157 3462 261 3519 6686.
280 3462 537 3518 omuibusetVict.
557 3462 669 3517 οιιι.66.
689 3462 727 3515 itu
746 3459 931 3514 ιοιι.86.-
955 3461 1126 3532 aecusator]
1144 3462 1200 3515 ud*

82 3549 87 3555 '
159 3566 220 3604 eus
238 3547 286 3619 14.
300 3548 343 3603 67.
360 3547 401 3601 76.
415 3547 456 3600 76.
472 3577 508 3589 -
533 3545 562 3601 0.
578 3545 753 3614 Memmios]
774 3545 804 3598 0.
823 3562 876 3600 om.
891 3543 942 3615 14.
957 3545 983 3601 6.
997 3542 1040 3599 66.
1067 3544 1200 3599 Memius‘
1266 3612 1269 3621 ¹

159 3640 187 3687 et
206 3628 344 3686 Messius
363 3633 471 3701 quidam
489 3630 620 3687 codd.-
644 3628 776 3701 rapitur]
796 3631 916 3701 eapitur
932 3628 983 3702 14.
1000 3628 1027 3683 6.
1043 3657 1079 3671 -
1095 3628 1202 3703 potes]

157 3724 258 3790 potest
272 3716 323 3788 14
341 3717 367 3772 6.
385 3715 427 3771 66.

244 3799 302 3857 684.
339 3800 438 3874 Appi]
463 3799 559 3869 scripsi
586 3815 623 3852 ex
627 3796 698 3869 14.
722 3797 747 3852 5.
772 3796 798 3851 6.
827 3796 866 3851 lo.
892 3797 932 3853 17.
955 3797 997 3854 61.
1022 3797 1131 3853 6665.
1156 3798 1197 3853 76.

157 3888 311 3956 eodemque
331 3886 405 3940 ducit
427 3884 498 3956 Apis
520 3885 547 3936 in
565 3882 590 3937 6.
611 3883 651 3937 15.
671 3883 706 3935 64
723 3899 793 3937 corr.
811 3881 855 3937 86.
872 3911 908 3923 -
936 3886 969 3937 in
991 3889 1096 3937 senatu
1118 3881 1199 3952 essm]

158 3985 223 4027 eum
240 3974 273 4024 iu
290 3987 349 4023 ses.
371 3970 423 4023 Gu.
444 3968 466 4021 l.
485 3968 510 4021 6.
543 3984 610 4022 mem
628 3975 764 4040 sperator
781 3972 812 4021 dn
830 3985 852 4022 s.
868 3996 904 4009 —
929 3966 1008 4037 mem]
1027 3984 1054 4021 v.
1073 3983 1147 4036 supr.
1163 3995 1199 4008 -·

75 4056 80 4061 ’
160 4055 287 4126 Thomu]
310 4054 400 4119 Torta
418 4053 526 4123 quidam
543 4053 621 4107 codd.
640 4052 744 4108 ederae
760 4051 803 4107 66.
817 4081 853 4092 -
878 4050 1025 4118 Moesicos]
1043 4050 1153 4102 dubium
1171 4051 1200 4101 id

159 4154 265 4195 uomens.
301 4138 374 4195 Num
397 4138 441 4192 hie
464 4146 492 4194 et
510 4137 740 4194 {mirumdolium
757 4134 875 4190 Lssmslli
890 4133 1046 4187 Laeullum
1063 4136 1153 4183 essem
1171 4131 1199 4181 iu
1264 4176 1268 4179 Α
