2938 4590
254 220 359 338 erc
653 258 910 328 urcuuours

254 435 317 498 nisi
340 432 464 499 admoto
487 433 553 516 igni
575 433 679 516 ignem
699 431 865 516 concipere
886 429 1001 514 possit:
1028 427 1076 494 sic
1098 425 1188 492 nulla
1208 446 1296 494 mens

254 561 304 616 est
322 560 387 615 tam
414 550 456 615 ad
477 523 804 635 comprehendendam·
817 549 881 613 vim
905 547 1040 611 oratoris
1061 552 1186 631 parata,
1214 565 1296 630 quae

252 672 353 754 possit
378 667 517 744 incendi,
541 668 608 731 'nisi
636 668 704 753 ipse
728 663 934 730 inflammatus
962 663 1004 728 ad
1024 682 1095 728 eam
1122 672 1153 728 et
1180 663 1296 730 ardens

254 787 434 850 accesserit.
889 842 893 848 ,

183 874 188 889 ’
336 899 448 966 XLVI.
483 900 556 966 191.
583 899 632 965 Ac
653 918 693 964 ne
707 897 780 964 ‘hoc
805 897 885 964 iorte
912 916 1058 982 magnum
1086 917 1124 963 ac
1149 895 1295 963 mirabile

252 1024 325 1084 esse
355 1019 499 1084 videatur
533 1016 689 1082 hominem
725 1018 839 1081 totiens
876 1017 992 1091 irasci,
1028 1016 1142 1081 totiens
1175 997 1293 1091 dolere,

249 1138 363 1202 totiens
396 1137 479 1202 omni
510 1144 594 1200 motu
620 1135 716 1198 animi
747 1136 898 1199 concitari
924 1135 1109 1219 praesertim
1139 1135 1173 1198 in
1198 1131 1297 1199 rebus

194 1247 196 1250 ’
252 1254 384 1319 alienis:
411 1271 528 1336 magna
551 1253 601 1317 vis
623 1260 672 1316 est
698 1270 804 1316 earum
827 1253 1048 1323 sententiarum
1071 1260 1162 1335 atque
1185 1244 1294 1317 eorum

250 1371 407 1446 locorum,
438 1389 518 1455 quos
552 1389 632 1453 agas
657 1378 834 1453 tractesque
861 1369 1008 1445 dicendo,
1041 1367 1119 1432 nihil
1149 1376 1182 1432 ut
1214 1386 1293 1452 opus
1327 1424 1332 1431 .

149 1488 156 1497 “
251 1490 292 1552 sit
318 1486 516 1552 simulatione
545 1496 576 1552 et
601 1485 750 1552 fallaciis.
794 1484 867 1572 Ipsa
893 1490 976 1551 enim
999 1495 1112 1551 natura
1139 1487 1293 1550 orationis

218 1652 222 1656 .
250 1575 333 1682 eius,
368 1605 657 1690 quae‘suscipitur.
674 1603 714 1669 ad
742 1604 874 1669 aliorum
907 1606 1028 1669 animos
1054 1602 1291 1688 permovendos,

248 1733 404 1790 oratorem
418 1725 525 1809 ,ipsum
545 1723 647 1806 magis
670 1724 764 1787 etiam
786 1741 877 1806 quam
896 1740 1080 1807 quemquam
1098 1739 1214 1799 eorum,
1237 1723 1291 1806 qni

143 1986 148 1993 .
248 1941 438 2010 corrigendum
464 1940 529 1993 esse‘
548 1937 817 2002 conlaninwtione.
841 1964 876 1981 ο-
907 1936 1171 2008 exardescendum]
1200 1938 1290 1992 arde-

248 2025 389 2079 sccndum
407 2023 455 2093 Lg.
473 2024 512 2077 15.
525 2023 567 2103 21
581 2040 652 2076 corr.
671 2022 713 2077 86.
731 2053 764 2065 -
798 2022 878 2093 ipni]
897 2027 964 2093 ipae
981 2021 1030 2091 Lg.
1048 2021 1087 2074 15.
1105 2022 1140 2076 32
1156 2040 1226 2077 corr.
1256 2023 1289 2078 ln

247 2110 371 2163 codicum
388 2125 491 2162 summa
508 2108 689 2161 inconstantia
707 2108 746 2176 (v.
767 2106 904 2160 Drakenb.
924 2106 959 2158 ad
975 2101 1035 2160 Liv.
1055 2106 1184 2162 XXVIII.
1200 2107 1244 2174 26,
1263 2109 1287 2164 1.
1333 2100 1345 2105 ’
1454 2120 1455 2131 ’

247 2203 275 2247 et
292 2195 340 2260 15,
359 2194 399 2248 Il.
427 2191 587 2263 Heusinger.
613 2200 640 2244 et
663 2192 770 2262 Zumpt.
794 2192 831 2245 ad
847 2190 903 2246 Cic.
922 2189 976 2245 011.
1001 2209 1026 2260 p.
1045 2189 1103 2247 260.
1129 2193 1235 2263 Zumpt.
1252 2194 1289 2248 ed
1357 2194 1361 2202 '

245 2279 325 2332 Verr.
348 2279 445 2333 Aecus.
463 2274 511 2331 IV.
532 2277 563 2343 I,
585 2275 612 2344 l)
637 2285 664 2329 et
687 2277 930 2347 grammaticorum.
946 2276 1016 2329 adeo
1040 2277 1146 2346 placitis
1169 2279 1288 2332 intense

245 2363 428 2434 pugnantibus
449 2361 554 2415 formae
573 2362 723 2427 tenendae,
747 2378 817 2430 quae
835 2362 956 2431 plurimis
977 2362 1045 2415 locis
1062 2362 1204 2431 plurimum
1221 2362 1288 2417 fidei

243 2448 353 2502 habent.
383 2447 456 2502 Nam
472 2447 494 2499 si
513 2448 593 2500 etiam
612 2446 637 2499 in
650 2447 792 2500 atliectivis
810 2447 837 2500 in
858 2449 894 2509 is,
914 2462 993 2514 quae,
1011 2464 1071 2500 cum
1090 2446 1118 2500 in
1132 2449 1242 2501 nomina
1259 2449 1287 2503 in

244 2534 338 2605 primis
355 2532 468 2602 propria
485 2533 699 2603 degenerarunt,
717 2533 841 2586 inclinari
861 2531 887 2583 in
906 2549 922 2583 e
939 2532 1119 2598 consentitur,
1140 2533 1286 2603 aliquando

126 2652 128 2659 »
243 2635 303 2670 eam
326 2618 414 2688 legem
436 2616 575 2670 violarunt
593 2616 728 2682 Veteres,
753 2626 783 2670 ut
806 2616 905 2670 dediti
921 2623 955 2669 et
977 2616 1088 2670 Annali
1108 2617 1224 2672 dixerint
1245 2620 1286 2688 (u.

243 2702 356 2760 urrinni.
366 2701 413 2756 VI.
426 2700 451 2767 3,
462 2700 519 2769 86),
538 2708 566 2753 et
582 2710 677 2755 contra
690 2702 712 2753 si
725 2700 862 2754 Charisius
873 2700 970 2754 nobile
984 2684 1001 2753 a
1013 2700 1144 2755 Cicerone
1156 2703 1287 2772 scripturn

243 2786 400 2858 pronuntiat
416 2783 437 2840 l.
462 2804 488 2855 p.
510 2786 572 2837 III:
598 2787 662 2855 quid
685 2787 720 2838 de
743 2787 830 2839 minus
853 2785 1020 2856 notabilibus
1044 2786 1206 2839 censendum
1224 2788 1287 2854 erit,

244 2871 334 2939 qrrrtlia
352 2879 414 2923 stunt
432 2869 601 2941 substantiva
624 2871 652 2924 in
670 2875 697 2923 is·
722 2879 749 2923 et
768 2871 911 2941 participia
934 2872 961 2924 in
979 2867 1014 2924 ni
1031 2870 1178 2923 exeruntiai
1203 2878 1232 2923 ut
1250 2872 1287 2926 de

242 2954 366 3008 locorum
381 2964 409 3008 et
421 2956 560 3025 gentilium
579 2955 731 3008 nominibus
745 2964 858 3022 taceam,
876 2955 952 3009 velut
970 2955 1156 3026 Cartbapini,
1174 2954 1286 3021 Tiburi,

241 3039 393 3111 Arpinati,
408 3040 533 3103 Atinati,
548 3040 682 3102 Ardeati,
701 3039 865 3111 Falpinati,
880 3040 1045 3104 Frusinati,
1064 3058 1134 3110 qnae
1148 3043 1207 3110 pari
1224 3059 1286 3095 cum

240 3124 329 3178 altera
352 3124 441 3177 forma
466 3125 526 3177 iure
549 3132 620 3177 sunt.
662 3123 763 3177 Iniuria
786 3125 867 3196 Igitur
893 3126 1022 3196 capania
1044 3126 1079 3178 de
1102 3143 1153 3179 sue
1177 3128 1286 3197 scripsit

241 3209 414 3263 Heinrichlus
431 3209 483 3278 Rp.
502 3208 537 3262 Il.
558 3208 598 3263 ll.
623 3217 651 3261 et
674 3217 770 3263 contra
790 3208 999 3280 Tarquiniense
1017 3210 1092 3263 nulle
1110 3210 1168 3263 iure
1185 3212 1284 3265 sollici-

198 3313 200 3319 ’
240 3302 332 3348 terunt
353 3295 505 3348 Crenaerus
526 3302 553 3346 et
572 3291 701 3347 Moserus
719 3292 752 3348 II.
770 3293 812 3349 21.
838 3314 863 3365 p.
882 3294 941 3349 271).
978 3293 1145 3355 Prudentius
1163 3293 1284 3349 Orellius

237 3377 395 3448 familiare
419 3377 527 3447 scripsit
550 3388 585 3431 ex
608 3379 678 3431 libro
702 3377 832 3433 Mediceo
856 3379 965 3434 Divers.
990 3378 1036 3433 IV.
1063 3377 1108 3445 12,
1134 3379 1158 3444 2.
1199 3379 1283 3443 Orbi,

240 3464 315 3533 quod
339 3480 373 3515 ex
399 3463 491 3531 quinto
516 3462 588 3516 libro
612 3463 648 3515 de
670 3463 712 3515 Re
735 3462 810 3532 publ.
832 3462 912 3516 affert
936 3462 1073 3517 Charisius
1093 3464 1110 3518 l.
1130 3481 1152 3517 c.
1177 3482 1203 3534 p.
1224 3464 1283 3518 112.

238 3544 388 3602 secundum
405 3547 485 3599 codd.
504 3547 675 3601 scribendum
692 3548 772 3601 Verr.
789 3548 886 3602 Aecus.
904 3546 950 3603 IV.
968 3547 1017 3615 38,
1036 3547 1078 3602 82.
1098 3557 1126 3601 et
1144 3567 1170 3618 p.
1191 3549 1282 3602 Domo

188 3655 191 3661 ¹
239 3630 280 3699 10,
294 3632 337 3709 21.
357 3631 473 3684 sortasse
491 3641 519 3684 et
537 3650 563 3701 p.
580 3632 676 3686 Sextio
694 3631 737 3698 30,
751 3631 793 3686 66.
825 3632 912 3687 Fasti
928 3633 1055 3687 meliores
1071 3633 1134 3686 libri
1149 3633 1284 3702 praebent

238 3716 302 3770 Tac.
327 3716 396 3768 Anu.
418 3714 523 3771 11121.
548 3716 623 3770 XIV.
641 3717 667 3770 8.
689 3725 716 3769 et
737 3718 795 3781 11.;
820 3719 884 3789 ipni
904 3716 972 3770 Anu.
993 3715 1014 3770 l.
1033 3717 1074 3771 70.
1096 3748 1126 3756 —
1155 3720 1220 3789 ipse
1237 3720 1282 3771 in·

235 3798 423 3871 flammatos]
437 3800 476 3853 sic
488 3801 587 3855 inverti
601 3800 748 3854 secundum
761 3800 811 3872 ng.
823 3801 847 3854 2.
861 3802 885 3855 3.
898 3803 922 3855 1.
935 3801 960 3857 6.
975 3801 1071 3857 1332.
1085 3799 1128 3857 36.
1149 3801 1200 3856 Gu.
1210 3799 1236 3855 3.
1245 3828 1282 3842 ν-

237 3891 267 3936 et
285 3883 408 3953 ardens]
427 3901 479 3937 om.
500 3884 547 3954 Lg.
564 3885 588 3937 1.
606 3914 641 3924 -
660 3883 832 3954 accesserit]
850 3886 889 3939 sic
905 3886 1013 3940 correxi
1031 3904 1066 3940 ex
1084 3884 1133 3956 Lg.
1150 3885 1175 3940 2.
1193 3887 1218 3939 1.
1240 3884 1280 3939 13.

237 3967 271 4019 23
289 3974 361 4021 corr:
383 3967 422 4020 32
434 3983 504 4020 corr.
528 3966 571 4018 36.
593 3966 625 4018 81
645 3983 715 4021 corr.
733 3967 776 4023 81.
800 3967 851 4021 Gu.
869 3969 894 4022 2.
914 3968 939 4024 3.
964 3969 1051 4024 Havn.
1071 3970 1095 4023 I.
1111 3969 1136 4023 2.
1160 3969 1236 4024 Harl.
1257 3969 1279 4023 l.

237 4048 269 4106 Z.
285 4069 310 4102 α.
324 4067 351 4118 γ.
367 4051 393 4106 d.
418 4048 488 4103 lunt.
512 4050 585 4104 Crat.
611 4049 680 4104 Vlct.
705 4050 801 4122 Steph.
825 4053 959 4108 accedunt
979 4053 1023 4110 65.
1043 4053 1086 4109 67.
1109 4051 1152 4108 70.
1170 4052 1229 4120 73,
1252 4053 1280 4109 iu
