2968 4596
429 274 488 341 DE
517 273 744 343 ORATORE
772 274 897 343 LIBER
918 276 941 344 l.
965 278 1016 345 19.
1184 277 1246 351 85

195 444 343 534 populari
368 454 400 511 et
423 442 553 509 forensi.
597 442 693 511 Aliud
714 445 797 511 euim
818 442 894 511 mihi
915 443 1074 532 quoddam
1095 444 1247 512 osotiouis

201 583 302 648 genus
320 581 392 628 esse
413 560 537 628 videtur
555 579 664 627 eorum
680 560 852 640 homiuum,
875 560 913 628 de
933 561 1046 649 quibus
1063 560 1158 649 poulo
1174 570 1246 629 uute

203 680 319 754 dixisti,
347 680 490 765 0666610
512 677 560 743 illi
582 688 691 744 emate
713 688 745 745 et
765 681 905 765 graviter
925 690 978 745 out
999 678 1038 746 de
1059 686 1174 746 uutuuu
1194 697 1246 746 ue·

198 818 266 864 rum
288 807 340 863 cut
363 797 401 862 de
424 795 569 861 humuuis
590 794 684 861 rebus
706 795 883 882 loquantur.
926 793 1063 863 Nitidum
1088 796 1245 882 quoddam

137 956 144 965 =
196 935 297 1001 genus
325 924 374 979 est
399 912 567 979 verborum
592 923 624 979 et
648 913 778 992 laetum,
806 913 864 980 sed
889 913 1068 1000 palaestrae
1089 914 1193 998 mugio
1214 923 1244 979 et

197 1033 271 1112 olei,
294 1051 388 1118 quum
402 1029 495 1096 liuius
514 1030 618 1096 civilis
632 1030 741 1096 turbae
763 1050 802 1097 ac
820 1031 891 1098 fori.
934 1031 986 1096 82.
1008 1029 1148 1117 Namque
1167 1049 1244 1116 ego·

197 1134 275 1227 met,
298 1151 350 1235 qui
368 1168 442 1214 sero
459 1149 498 1214 ac'
512 1148 624 1214 leviter
638 1147 780 1215 Graecus
794 1149 904 1214 literas
920 1150 1109 1234 attigissem,
1130 1158 1244 1223 tomen,

196 1288 291 1355 quum
310 1287 367 1354 pro
390 1266 519 1332 consule
541 1268 574 1331 in
590 1264 735 1332 Cilicium
752 1266 955 1353 proficiscens
975 1268 1134 1333 venissem
1148 1263 1245 1331 Athe-

197 1406 273 1463 uas,
303 1384 471 1471 compluris
491 1394 556 1449 tum
578 1383 623 1449 ibi
644 1385 713 1450 dies
735 1403 804 1450 sum
823 1392 949 1471 propter
968 1382 1142 1468 navigandi
1164 1381 1244 1447 uitu-

197 1504 345 1571 cultutcm
372 1510 591 1568 commoratus.
635 1499 703 1567 Sed
726 1520 796 1566 cum
818 1502 931 1569 cotidie
953 1520 1074 1568 mecum
1094 1499 1244 1567 hubonem

196 1622 344 1688 homiues
362 1620 560 1687 doctissimos
582 1639 639 1685 eos
661 1618 728 1685 fere
748 1621 850 1705 ipsos,
872 1621 925 1705 qui
943 1619 1002 1685 obs
1021 1629 1052 1685 te
1065 1618 1244 1685 nodosum

199 1740 368 1816 nominati,
397 1757 523 1824 cumque
549 1736 611 1803 hoc
637 1737 747 1803 nescio
775 1736 930 1822 quomodo
958 1736 1040 1823 opud
1064 1755 1120 1803 eos
1143 1737 1243 1800 iucre-

199 1990 316 2044 Secutus
339 2005 398 2044 sum
421 1987 471 2060 Lg.
489 1988 515 2042 9,
536 1987 577 2040 13.
598 1985 640 2040 36.
662 1985 732 2041 vict.
751 1986 802 2042 Gu.
820 1986 846 2042 3.
867 2014 903 2029 -
935 1985 1107 2061 compluris]
1132 1984 1172 2039 sic
1191 1982 1241 2057 Lg.

198 2078 223 2133 3.
249 2078 274 2133 6.
302 2076 341 2132 16.
364 2076 404 2132 17.
425 2075 468 2130 91.
489 2075 532 2130 65.
552 2075 596 2131 67.
616 2074 658 2130 76.
678 2075 720 2129 73.
738 2075 781 2130 st.
798 2074 841 2131 66.
870 2076 1030 2150 cumpluris
1052 2074 1076 2129 5.
1095 2101 1130 2114 -
1164 2074 1242 2141 oum]

198 2169 275 2238 pouit
294 2173 358 2219 ante
379 2169 581 2239 commeo-atus
600 2161 640 2216 76.
672 2162 921 2223 0066000016669,
938 2192 974 2206 ·-
1009 2162 1128 2230 cotidie]
1147 2159 1243 2231 scripsi

198 2273 234 2309 ex
255 2254 306 2325 Lg.
324 2253 349 2307 9.
369 2252 412 2306 67.
429 2242 473 2306 61.
509 2252 655 2321 quottidie
671 2251 714 2306 94.
735 2251 775 2307 76,
801 2251 853 2307 66.
874 2251 898 2307 1.
916 2252 940 2308 3.
965 2251 1047 2321 hique
1068 2251 1123 2304 duo
1143 2249 1183 2302 sic
1200 2263 1244 2301 so·

197 2344 320 2397 1066·-
355 2340 489 2407 memque]
512 2355 578 2392 cum
603 2338 652 2409 Lg.
673 2338 696 2393 9.
717 2341 741 2394 d.
763 2339 803 2394 13.
821 2339 855 2393 39
873 2356 942 2395 cour.
967 2338 1009 2394 36.
1029 2367 1066 2379 —-
1099 2335 1166 2404 600]
1191 2333 1244 2388 hec

198 2429 252 2499 Lg.
270 2428 296 2480 3.
310 2426 354 2480 69.
379 2424 427 2477 istc
443 2424 486 2478 67.
506 2427 546 2477 itu
562 2443 631 2480 corr.
649 2426 689 2481 39.
708 2457 743 2468 -
765 2429 826 2496 eos]
848 2444 899 2482 om.
913 2426 964 2480 Gu.
978 2426 1002 2480 3.
1021 2455 1057 2465 -
1081 2421 1243 2477 increbuis-

202 2516 264 2582 set]
290 2510 603 2582 increbr.Lg.13.2t).
624 2512 717 2569 cus.
747 2519 942 2587 increpuisset
958 2513 1001 2567 69.
1030 2509 1246 2567 increbuissent

200 2602 244 2659 69.
273 2598 397 2655 increbr.
415 2598 457 2653 93.
475 2628 511 2640 —-
544 2616 601 2672 pro
618 2619 649 2655 se
666 2606 788 2674 quisque
802 2618 884 2673 *quus
899 2600 1034 2672 poterut]
1058 2599 1097 2651 sic
1116 2592 1245 2649 {lenticiu-

80 2743 83 2747 .
197 2707 281 2745 senus
306 2687 385 2759 prob.
409 2685 533 2759 Madvig.
561 2689 639 2745 codd.
664 2692 783 2762 vestigia
804 2698 922 2743 secutus.
957 2686 1030 2742 Nom
1045 2701 1102 2758 pro
1121 2700 1152 2737 se
1170 2697 1245 2751 quoe

199 2783 324 2850 quisque
340 2776 418 2832 codd
438 2776 546 2845 quidam
563 2777 657 2832 anb.
676 2777 736 2833 Pul.
752 2779 775 2836 l.
790 2778 815 2834 9.
837 2779 883 2847 (et
901 2775 950 2847 Lg.
966 2775 1006 2830 13.
1019 2773 1061 2828 35.
1076 2770 1117 2828 36.
1131 2769 1173 2825 69.
1186 2767 1243 2836 93.)

197 2867 261 2922 edd.
280 2864 436 2934 antiquiss„
458 2865 510 2918 uisi
528 2867 603 2933 quod
615 2862 677 2939 pr'o
696 2883 782 2935 seque
802 2866 844 2920 ed.
863 2883 885 2920 s.
904 2865 922 2920 1.
942 2883 966 2920 e.
985 2881 1009 2918 o.
1030 2862 1099 2916 Ven.
1124 2876 1180 2934 pro
1198 2874 1243 2912 se-

180 2972 254 3026 xque
276 2958 398 3024 quisque
419 2960 453 3006 ut
474 2968 504 3024 p.
529 2952 618 3008 Hahn.
640 2976 677 2995 ·-
712 2971 770 3026 pro
794 2971 825 3006 se
848 2957 969 3024 quisque
987 2943 1109 3025 poterut
1136 2947 1197 3003 Pul.
1217 2946 1242 3001 3.

197 3041 310 3096 Memno.
329 3040 405 3096 U.Z
427 3057 467 3112 pu.
487 3058 522 3096 m.
542 3059 564 3096 ε.
593 3039 679 3110 145
699 3056 768 3096 corr.
792 3050 821 3094 ut
845 3041 883 3096 13.
903 3041 929 3096 6.
949 3041 990 3094 91.
1008 3040 1049 3095 96
1068 3039 1102 3093 32
1119 3037 1182 3092 add.
1200 3041 1243 3088 ut.

69 3176 76 3187 .
163 3134 166 3141 ⁴
190 3131 241 3187 65.
258 3129 301 3184 81.
326 3128 378 3182 Gu.
396 3128 421 3183 3.
444 3145 501 3202 pro
520 3146 552 3182 se
567 3135 602 3182 ut
620 3134 743 3200 quisque
753 3137 817 3204 pot.
837 3128 894 3184 Est.
917 3146 977 3203 pro
994 3146 1026 3182 se
1043 3132 1107 3201 ipse
1124 3128 1245 3196 quisque

197 3216 401 3291 otp.Er1.1.
425 3232 485 3287 pro
502 3233 534 3277 se
552 3224 697 3286 quantum
715 3236 741 3288 q.
756 3224 819 3291 pot.
839 3218 865 3271 6.
886 3216 938 3272 Gu.
958 3216 980 3270 1.
1005 3215 1054 3287 ug.
1074 3213 1114 3268 17.
1137 3227 1195 3286 pro
1214 3226 1246 3262 se

198 3310 324 3377 quisque
343 3320 444 3358 eorum
462 3310 606 3374 quantum
623 3309 745 3375 quisque
758 3323 789 3378 p.
815 3304 894 3358 codd.
915 3303 1023 3372 quidum
1042 3299 1137 3357 Lumb.
1155 3297 1243 3352 flatu.

200 3394 224 3448 1.
243 3392 269 3446 9.
290 3413 317 3446 u.
335 3390 407 3445 Poll.
425 3391 475 3445 rel.
495 3390 546 3446 Gu.
565 3390 590 3445 9.
609 3393 677 3462 (606
696 3393 719 3448 l.
738 3401 769 3446 ut
787 3391 871 3446 Heus.
890 3391 975 3459 dicit).
1001 3406 1057 3463 pro
1077 3389 1246 3458 tenuisque

199 3483 345 3547 quantum
358 3478 480 3546 quisque
493 3493 525 3548 p.
544 3476 624 3531 codd.
637 3478 760 3531 60666111
779 3475 874 3530 humb.
897 3492 955 3548 pro
969 3492 1000 3528 se
1013 3477 1134 3545 quisque
1146 3486 1246 3525 eorum

198 3569 233 3616 ut
251 3565 374 3631 quisque
387 3567 451 3633 pot.
472 3560 553 3614 codd.
572 3578 655 3616 uonu.
674 3560 769 3616 humb.
789 3560 859 3615 luut.
880 3560 953 3614 Crat.
969 3558 1047 3613 Μο6.
1066 3556 1161 3611 Lamb.
1192 3553 1247 3608 Ho-

198 3660 266 3700 rum·
282 3646 416 3716 pleraque
440 3661 476 3698 ex
502 3645 603 3699 06660
629 3661 705 3714 quae
727 3645 843 3699 fluxere.
866 3672 902 3686 ›-
939 3650 969 3697 et
990 3643 1122 3709 ratione]
1150 3639 1187 3693 de
1212 3636 1247 3691 ab

198 3729 345 3784 Heurichs.
370 3729 534 3783 inculcatum
560 3746 595 3782 ex
619 3730 699 3784 codd.
727 3730 864 3800 plerisque
887 3730 962 3784 66110
984 3727 1114 3800 dignitate
1138 3731 1248 3795 praeter

197 3814 258 3870 Ers.
276 3814 313 3871 U.
333 3814 365 3868 Z.
384 3834 411 3867 α.
430 3814 455 3868 d.
475 3832 515 3881 0.,
535 3813 631 3883 quuibus
651 3815 785 3868 accedunt
802 3814 854 3870 Gu.
873 3814 897 3868 3.
917 3821 945 3867 et
960 3807 1124 3883 Lg.xv{1.‚
1142 3823 1247 3861 romum

198 3899 292 3954 delevi
311 3897 460 3953 secundum
477 3898 526 3970 Lg.
548 3898 573 3953 9.
592 3899 617 3953 t.
636 3897 739 3971 mu.
758 3898 801 3953 69.
821 3899 862 3954 76.
881 3898 912 3952 81
935 3912 976 3968 pu.
992 3914 1027 3953 uo
1044 3892 1087 3946 85.
1115 3894 1249 3945 orations

199 3982 251 4037 Gu.
272 3983 297 4037 3.
332 3983 369 4036 60
388 3986 518 4037 oratoris
536 3988 612 4038 orat.
633 3982 682 4054 Lg.
706 3983 739 4036 13
758 3999 829 4038 cour.
853 3983 896 4040 69.
931 3982 968 4039 60
986 3984 1106 4036 oratore
1124 3974 1159 4028 39
1178 3988 1247 4028 cour.

200 4076 232 4123 ut
250 4066 275 4122 3.
301 4064 340 4123 60
357 4070 489 4130 oratoris
506 4070 624 4122 ratione
642 4067 685 4123 93.
