2980 4602
270 323 365 394 m
661 315 920 425 olonoouis

271 490 314 557 ud
339 488 386 566 id,
419 487 502 574 qnod
531 496 600 554 erut
626 488 832 574 propositum,
863 485 978 550 dictum
1003 484 1182 564 videbatur,
1213 494 1318 555 tanen

271 604 450 675 sentiebant
470 604 606 671 celerius
628 623 701 670 esse
722 602 833 680 multo,
859 621 953 688 quan
973 603 1034 688 ipsi
1055 603 1188 681 uellem,
1216 584 1264 671 ab'
1279 627 1318 674 eo

270 732 457 810 peroratum.
500 719 581 786 Tum
603 717 771 797 Scaeuola,
793 717 876 798 Quid
897 730 955 797 est,
979 717 1090 786 Cottui
1112 694 1221 806 inquit,
1244 725 1318 809 quid

270 841 403 905 tacetisi
433 836 553 903 nihilne
580 836 672 904 vobis
700 839 734 902 in
760 846 894 902 mentem
914 838 1012 913 venit,
1043 839 1126 923 quod
1151 806 1319 925 praetereo⁸
1383 848 1386 857 '

273 955 313 1022 ub
337 952 455 1021 Crasso
476 955 665 1040 requiratisi
690 954 770 1019 161.
792 951 828 1018 ld
849 973 898 1019 nne
920 952 1065 1033 Hercule,
1087 946 1203 1041 inquit(
1217 960 1317 1044 ipsun

268 1072 408 1139 ¹attendo.
441 1070 563 1138 Tantus
585 1072 668 1137 enim
690 1090 799 1138 cursus
820 1069 987 1136 verborum
1007 1072 1065 1137 iuit
1086 1082 1117 1138 et
1139 1074 1186 1138 sic
1208 1074 1315 1140 euola-

176 1248 180 1252 .
271 1190 317 1254 uit
335 1192 449 1275 oratio,
471 1198 503 1254 ut
525 1190 594 1267 eius
614 1190 678 1254 uim
699 1197 730 1253 et
746 1189 958 1253 incitationem
973 1191 1158 1275 aspexerint,
1179 1193 1316 1275 vestigia

272 1307 511 1390 ingressumque
532 1306 586 1370 vix
605 1304 757 1385 viderinc
785 1314 816 1369 et
841 1314 988 1389 tanquam
1015 1307 1049 1370 in
1071 1305 1210 1390 eliquuanu
1230 1307 1319 1383 locu·
1352 1326 1355 1333 ’

272 1422 387 1509 pletum
414 1441 452 1487 ac
478 1419 626 1485 refertam
652 1421 775 1486 domum
793 1423 934 1509 venerinn
960 1442 1023 1487 non
1050 1422 1208 1508 explicata
1229 1434 1317 1489 veste

272 1557 374 1622 neque
388 1537 550 1624 proposito
570 1547 699 1621 urgento
721 1557 822 1622 neque
842 1537 959 1603 tabulis
981 1548 1012 1603 et
1031 1541 1131 1622 signis
1153 1537 1316 1624 propalam

272 1655 455 1729 collocatis,
490 1652 547 1717 sed
578 1652 628 1717 his
658 1630 800 1719 omnibus
826 1652 931 1718 multis
958 1654 1192 1739 magnificisque
1219 1640 1315 1721 relius

273 1772 459 1839 constructis
487 1788 525 1834 ac
544 1768 745 1834 reconditis:¹
761 1769 809 1833 sic
837 1770 871 1832 in
892 1771 1034 1837 oratione
1057 1763 1168 1837 Crassi
1190 1771 1316 1839 diuitias

235 2084 239 2093 ¹
272 2023 317 2090 31,
331 2024 358 2078 d.
389 2021 428 2076 ad
446 2019 607 2075 solitudine
626 2021 663 2074 de
680 2016 728 2075 0r.
748 2020 768 2075 1.
788 2020 831 2088 45,
850 2020 906 2077 199.
940 2021 977 2087 ad
997 2019 1121 2077 Statilio
1138 2024 1221 2079 Rosa
1241 2023 1317 2080 Gom.

274 2107 315 2162 16.
342 2107 420 2162 Verr.
435 2106 457 2161 1.
472 2104 514 2172 17,
530 2106 572 2160 59.
599 2103 648 2159 .α1
666 2112 771 2160 renata
783 2104 815 2160 11.
834 2106 861 2171 8,
879 2105 921 2161 33.
947 2107 1012 2162 Diu.
1024 2108 1060 2161 X.
1077 2108 1118 2175 19,
1138 2110 1163 2164 l.
1200 2108 1320 2163 obruis

273 2191 394 2247 cedibus
412 2190 519 2246 Fontei.
539 2191 580 2245 10.
617 2189 654 2243 ab
671 2190 822 2264 republica
844 2188 925 2246 Vere.
944 2190 989 2245 lV.
1010 2191 1040 2258 1,
1057 2192 1081 2247 3.
1119 2192 1156 2246 al
1175 2211 1226 2247 reo
1243 2193 1319 2249 Geel.
1349 2200 1353 2205 ’

275 2279 323 2345 lo,
341 2277 382 2331 39.
418 2274 456 2330 ab
473 2275 582 2329 Rhodo
606 2275 671 2330 Div.
687 2274 749 2342 xil,
768 2275 817 2341 15,
835 2273 859 2328 5.
897 2274 934 2329 ab
960 2276 1062 2330 liberti
1079 2276 1143 2346 filio
1169 2278 1214 2331 de·
1229 2275 1278 2331 Or.
1296 2275 1318 2331 1.

272 2361 387 2428 39,176.
417 2359 661 2426 adiure39‚179.
692 2360 729 2414 ab
743 2358 888 2430 quoquel.
902 2359 945 2427 49,
956 2360 1015 2416 313.
1042 2360 1080 2414 ab
1093 2379 1145 2434 ope
1158 2359 1318 2417 Ltuxxss.

274 2448 316 2513 15,
332 2447 357 2501 3.
393 2444 431 2499 ab
449 2445 580 2498 condam
599 2452 688 2518 capia
706 2442 908 2509 ΧΧ1.11,19.
934 2444 982 2498 ab
1003 2445 1134 2500 dominis
1152 2447 1200 2512 15,
1219 2446 1242 2500 1.
1280 2443 1320 2498 ab

280 2530 396 2585 Tiberio
416 2529 457 2594 15,
474 2527 499 2582 6.
536 2527 574 2582 ab
591 2529 741 2583 Druentia
758 2528 801 2593 33,
818 2528 843 2582 6.
880 2527 917 2581 ab
936 2529 997 2582 diis
1015 2529 1069 2584 Cic.
1084 2530 1166 2584 Rosc.
1183 2530 1257 2584 Gom.
1278 2529 1320 2586 16.

273 2615 311 2669 ad
329 2621 411 2685 teryo
429 2611 660 2687 1191011316.
681 2611 807 2667 xxvm.
820 2611 861 2677 16,
869 2613 895 2666 4.
931 2611 968 2665 ab
985 2612 1131 2667 aedilibus
1143 2612 1284 2677 11111138,
1294 2612 1320 2669 6.

274 2709 303 2753 et
321 2714 392 2768 quae
408 2696 471 2750 huic
488 2706 582 2750 uestro
600 2698 663 2750 loco
679 2696 813 2749 simillimo
828 2704 904 2759 suut,
925 2696 962 2750 al
984 2696 1090 2761 Quiriti
1108 2695 1199 2750 Fabii
1215 2694 1320 2767 opibus

273 2782 335 2837 Liv.
351 2780 439 2835 xxti.
453 2781 495 2846 34,
513 2780 538 2834 3.
575 2779 612 2834 ab
634 2770 928 2850 Cartdaqirtienridue
943 2780 1002 2835 XL.
1022 2780 1063 2846 17,
1080 2779 1105 2834 3.
1142 2777 1179 2831 ab
1200 2777 1320 2834 Carano
1387 2784 1391 2785 ⁷

271 2865 357 2922 XLV.
375 2865 402 2931 9,
421 2864 447 2920 3.
483 2863 522 2917 ad
541 2862 647 2918 Clodia
665 2863 720 2918 cie.
740 2865 794 2917 Att.
814 2863 862 2919 lx.
881 2866 914 2931 6,
932 2864 956 2919 3.
993 2862 1030 2917 ab
1051 2862 1178 2917 Caesare
1194 2863 1230 2917 X.
1248 2865 1275 2929 i,
1292 2863 1320 2917 6.

272 2948 348 3005 XIV.
368 2949 410 3014 17,
432 2947 460 3003 a:
500 2948 538 3002 ab
562 2948 674 3013 Quinto
691 2945 737 3002 1v;
761 2948 803 3013 17,
825 2948 850 3002 3.
887 2948 1011 3005 Consenti
1035 2955 1149 3018 possunt
1173 2946 1257 3000 Goon.
1283 2947 1321 3000 ad

273 3033 330 3089 (lic.
348 3033 432 3104 Legg.
452 3030 499 3087 111.
519 3032 562 3098 16,
579 3033 621 3086 35.
641 3033 678 3086 ad
696 3033 743 3087 Ac.
762 3030 782 3085 Ι.
802 3031 829 3097 3,
840 3031 870 3086 8.
897 3032 1016 3103 Herzog.
1034 3032 1096 3087 BG.
1116 3030 1162 3088 111,
1180 3031 1216 3095 9.,
1237 3047 1318 3100 quem

239 3185 245 3200 Ι
272 3127 363 3172 temen
393 3133 486 3171 errem
517 3117 636 3172 ostendit
657 3115 775 3170 Freuud.
804 3117 832 3169 in
856 3114 942 3169 iehnii
969 3117 1040 3173 Auo.
1068 3115 1163 3187 philol.
1187 3113 1263 3171 Xlll.
1289 3115 1316 3172 3.

273 3220 301 3274 p.
320 3201 379 3257 395.
397 3228 435 3243 ν-
459 3203 632 3271 reqtuiraiis]
649 3204 803 3270 requiritis
820 3198 872 3253 Gu.
890 3198 919 3253 1.
939 3264 944 3272 s
1006 3234 1012 3245 1

360 3284 418 3341 161.
455 3286 499 3353 id]
516 3285 556 3339 sio
573 3302 625 3340 om.
645 3278 736 3339 urnac
757 3300 812 3339 uon
830 3283 913 3336 modo
936 3282 1025 3337 Horu.
1042 3282 1065 3335 1.
1077 3280 1103 3338 3.
1128 3280 1164 3335 U.
1178 3281 1209 3334 Z.
1222 3300 1249 3350 y.
1260 3282 1319 3338 de.

273 3370 325 3424 Gu.
337 3372 361 3423 1.
374 3369 398 3424 3.
412 3369 441 3438 3.
456 3369 514 3425 Eri.
527 3370 550 3425 1.
570 3370 627 3425 unt
646 3368 742 3439 stepo.
761 3367 868 3432 humb„
886 3367 936 3420 uod
950 3366 1032 3420 etiem
1044 3365 1115 3418 Vici.
1133 3374 1161 3418 et
1172 3362 1320 3435 iugum„
1433 3370 1439 3378 '

272 3454 338 3509 boui
355 3470 456 3507 omues.
493 3451 815 3517 quoddammodo,
842 3467 897 3504 non
915 3467 999 3520 posse
1017 3449 1130 3519 intelligi
1153 3465 1201 3501 our
1227 3453 1319 3502 imme
1378 3499 1384 3503 ,
1481 3448 1482 3459 ’

156 3543 159 3549 ’
272 3557 291 3592 a
307 3538 425 3592 librariis
442 3518 571 3591 insertum
587 3539 636 3603 sit,
660 3553 755 3591 venum
777 3542 849 3589 esset
866 3535 901 3588 de
917 3535 1008 3587 mullis
1025 3541 1073 3586 out
1088 3532 1167 3586 bonis
1184 3533 1264 3586 cedd.
1281 3559 1317 3574 —-

274 3623 323 3690 id]
346 3626 378 3679 in
399 3621 449 3692 ng.
474 3622 499 3677 5.
525 3620 565 3676 li.
590 3621 632 3678 65.
668 3619 844 3674 iameberale
868 3619 894 3673 6.
914 3618 956 3673 39.
992 3617 1028 3672 id
1052 3633 1104 3670 om.
1127 3615 1166 3671 13.
1192 3615 1235 3670 36.
1271 3632 1319 3668 me

274 3705 402 3761 Hereude
415 3709 449 3775 (s.
464 3705 566 3772 luera),
585 3713 614 3759 ut
625 3705 697 3770 dedi,
714 3703 763 3774 Lg.
779 3702 804 3760 3.
817 3702 858 3757 65.
874 3700 916 3757 67.
930 3701 973 3759 69.
991 3700 1088 3756 7681.
1104 3699 1146 3757 86.
1176 3696 1322 3753 moereo

272 3791 298 3843 i.
323 3788 365 3844 33.
401 3788 497 3843 darete
523 3789 562 3844 13.
586 3789 629 3845 36.
666 3793 698 3842 ia
721 3805 754 3841 eo
781 3786 913 3841 hercula
934 3787 978 3841 84.
1019 3784 1072 3839 Hic
1097 3791 1139 3836 eet
1162 3783 1224 3837 ione
1247 3783 1319 3837 iilius

272 3877 374 3927 immo.
391 3902 427 3916 »-
445 3874 552 3945 inquii]
572 3888 624 3927 om.
642 3872 667 3927 5.
684 3860 709 3927 6.
730 3873 769 3926 ld.
783 3871 830 3925 39.
849 3871 890 3924 34.
908 3870 949 3925 35.
966 3870 1011 3924 65.
1030 3869 1073 3924 69.
1092 3866 1134 3921 76.
1153 3867 1197 3921 81.
1224 3864 1321 3923 (16.3.

274 3962 373 4030 ipsuum
393 3956 541 4027 praemittit
558 3957 600 4010 33.
623 3981 659 3999 ν-
691 3956 824 4023 attendo]
849 3954 979 4008 adlendo
1000 3953 1052 4024 ug:
1071 3951 1112 4008 17,
1136 3978 1171 3993 »-
1206 3950 1322 4016 wreus]

272 4058 394 4094 eremo
412 4039 501 4093 (16.3.
519 4067 554 4079 -
573 4038 890 4105 sic—incitatiorem]
910 4054 962 4091 om.
981 4036 1031 4106 Lg.
1046 4036 1072 4090 6.
1100 4039 1144 4087 sic
1163 4050 1215 4088 om.
1230 4031 1273 4087 65.
1287 4062 1322 4075 -

273 4131 304 4178 ei
320 4124 415 4193 iacit]
438 4121 502 4176 dedi
522 4136 573 4192 pro
593 4126 682 4195 eique
699 4122 812 4195 vulgato
829 4139 865 4179 eu
881 4121 933 4194 Ing.
950 4121 1075 4177 omnibus
1094 4127 1206 4199 praeter
1223 4116 1267 4174 67.
1283 4142 1321 4159 -
