2980 4602
266 336 349 421 ιιι
519 285 525 293 ’
657 338 913 407 orcnaunrs

206 525 246 569 *22
261 513 341 580 atat.
369 511 452 592 Quid
477 529 555 594 ergo
580 509 641 575 lroc
666 507 735 574 lieri
760 505 878 594 turpiu's
906 517 958 571 aut
987 491 1051 572 dici
1075 515 1192 591 potest,
1219 525 1311 592 quam

208 645 211 652 '
268 651 349 708 eum,
371 632 424 715 qui
445 628 528 694 hane
550 644 718 713 personam
740 629 920 711 susceperit,
942 634 975 689 ut
996 625 1167 700 amicorum
1187 633 1312 689 contro·

242 749 394 813 ‘uersias
421 763 598 828 causasque
625 752 748 807 tueatur
772 741 990 806 laborantibus
1017 751 1179 805 succurrat
1206 743 1312 831 aegris

244 944 247 951 ι
270 863 431 928 medeatur
453 859 587 925 afflictos
610 860 732 935 excitet,
753 857 834 923 hunc
856 860 889 921 in
910 859 1046 922 minimis
1059 860 1311 955 tenuissimisque
1418 906 1422 917 ,

269 978 364 1045 rebus
387 981 432 1043 ita
452 976 533 1053 labi,
556 986 588 1041 ut
609 975 685 1043 aliis
705 974 917 1051 miserandus,
945 974 1018 1039 aliis
1040 975 1217 1040 irridendus
1239 994 1320 1067 esse

269 1095 431 1162 uideatur?
468 1094 539 1159 170.
560 1090 712 1176 Equidem
733 1093 936 1177 propinquum
956 1082 1095 1156 nostrum
1110 1090 1144 1154 P.
1162 1089 1311 1156 Crassum

271 1211 359 1277 illum
385 1208 520 1276 Divitem
548 1219 578 1273 et
603 1209 706 1273 multis
733 1207 806 1272 aliis
832 1207 927 1272 rebus
954 1206 1131 1295 elegantem
1156 1207 1312 1273 hominem

245 1339 300 1394 ‘et
322 1337 464 1393 ornatum
485 1335 516 1390 et
534 1304 701 1411 praecipue
723 1326 756 1387 in
777 1324 837 1389 hoc
859 1323 1048 1389 efferendum
1070 1334 1100 1389 et
1120 1324 1311 1388 laudandum

241 1466 244 1473 ·
269 1454 356 1530 puto,
379 1443 471 1527 quod,
494 1461 563 1506 oum
583 1440 618 1505 P.
642 1438 819 1506 Scaeuolae
841 1441 939 1505 frater
960 1451 1054 1516 esset,
1078 1439 1187 1505 solitus
1210 1416 1259 1504 est
1279 1443 1310 1504 ei

267 1579 420 1645 persaepe
449 1559 553 1624 dicere
579 1577 680 1642 neque
708 1557 796 1621 illum
825 1559 857 1621 in
883 1550 1059 1622 iure'oivili
1081 1558 1158 1621 satis
1179 1555 1227 1620 illi
1250 1558 1310 1620 arti

268 1675 375 1741 facere
406 1694 520 1761 posse,
551 1676 615 1738 nisi
647 1673 772 1739 dicendi
803 1676 926 1759 copiam
957 1676 1179 1759 assumpsisset
1210 1673 1310 1758 (quod

206 1865 215 1875 ,
269 1792 393 1878 quidem
418 1791 484 1869 hic,
511 1792 564 1876 qui
591 1810 710 1855 mecum
737 1790 848 1856 consul
874 1791 931 1855 luit
956 1789 1039 1855 lilius
1065 1793 1133 1855 eius
1161 1800 1209 1855 est
1236 1810 1310 1855 con·
1349 1853 1354 1859 .

268 2004 320 2076 ng.
340 2006 434 2071 ceteri,
452 2004 542 2060 Havn.
558 2004 581 2060 l.
598 2005 622 2060 0.
642 2026 668 2058 α.
681 2013 706 2071 p.
721 2026 747 2075 γ.
762 2008 788 2060 cl.
802 2025 824 2063 ε.
846 2006 905 2060 ud.
923 2007 947 2059 l.
974 2004 1025 2059 Gn.
1046 2005 1068 2058 1.
1087 2006 1123 2059 0.ι
1138 2005 1226 2060 Halm.
1247 2005 1308 2060 Ald.

153 2152 157 2159 ,
267 2087 336 2144 lunt.
355 2088 428 2142 Crat.
1329 2161 1331 2167 ¹

356 2187 415 2243 loa.
451 2189 525 2258 qnid
542 2205 611 2259 erqo
631 2188 696 2257 doe]
714 2188 770 2242 ltoo
786 2205 856 2260 erpo
872 2188 923 2259 Lg.
939 2190 981 2242 35.
996 2217 1032 2229 —-
1050 2192 1177 2261 harpalus]
1195 2195 1309 2262 tua-patae

266 2269 336 2338 fieri
351 2278 450 2342 potest
467 2271 509 2326 84.
543 2271 612 2341 fieri
631 2280 651 2326 t.
668 2279 766 2345 potest
784 2272 825 2326 81.
843 2300 878 2313 —
905 2276 1068 2340 succurrat]
1087 2273 1241 2326 subternot
1259 2275 1307 2343 Lg.

219 2421 229 2437 ι
268 2354 311 2491 {tl
326 2355 368 2490 753.
384 2385 421 2395 -
441 2354 584 2491 agfltctos]
605 2358 743 2428 adflictos
761 2356 811 2427 Lg.
825 2357 865 2411 70.
881 2387 917 2396 -
935 2358 1117 2425 irridendae]
1137 2360 1309 2412 inridendus

258 2455 318 2508 ,g.
356 2440 544 2495 .30.7.73.

356 2541 414 2595 170.
445 2545 648 2614 propinquum
665 2541 811 2607 nostrum]
830 2558 883 2593 om.
901 2540 952 2595 Gu.
972 2543 995 2596 1.
1012 2573 1048 2584 —-
1064 2543 1149 2597 illam
1165 2543 1308 2611 Diuitem]

268 2625 407 2678 insititiam
432 2634 509 2696 putat
526 2624 647 2688 Baklns3
672 2642 728 2677 non
752 2625 805 2676 dici
829 2626 900 2677 enim
920 2643 954 2678 eo
971 2636 1152 2698 cognomento
1172 2627 1309 2679 hominem

268 2710 304 2763 de
322 2705 371 2763 Or.
386 2708 433 2763 111.
448 2711 492 2775 33,
507 2708 564 2762 tat.
590 2707 727 2774 Brucla,
742 2709 782 2763 77.
801 2726 853 2761 nec
870 2711 1006 2777 praemitti
1027 2711 1077 2763 tlte
1094 2710 1306 2779 cognominibus.

256 2792 326 2845 'Sed
344 2795 519 2862 postponitur
535 2792 569 2846 11.
589 2793 637 2859 70,
655 2792 730 2857 081,
757 2793 831 2860 qnod
852 2793 896 2845 lrio
916 2792 978 2846 lieri
1001 2802 1115 2863 propter
1136 2810 1231 2846 sensus
1253 2811 1308 2846 arn·

256 2875 425 2944 'iniguitatem
439 2894 494 2930 non
507 2877 609 2946 potuit3
628 2893 708 2929 nemo
722 2878 792 2929 enim
804 2877 937 2930 Diuitem
949 2895 998 2947 pro
1012 2879 1173 2946 cognomine
1184 2877 1307 2932 hauberet.

268 2957 377 3012 Deinde
395 2960 501 3013 doctius
518 2960 585 3013 illud
603 2968 648 3012 est
663 2975 743 3026 quam
759 2978 811 3030 pro
829 2961 987 3031 glossatoris
1002 2962 1119 3032 ingenio.
1137 2993 1172 3001 —
1190 2969 1219 3015 et
1231 2961 1308 3015 mul*

151 3076 160 3095 0
266 3046 396 3095 tis—et
407 3044 581 3115 praecipue]
604 3044 701 3112 scripsi
721 3043 788 3096 illud
806 3061 840 3097 ex
858 3044 947 3099 Ηιινιι.
966 3048 990 3100 1.
1010 3048 1034 3100 0.
1060 3045 1111 3101 Gu.
1133 3045 1200 3102 10.
1226 3045 1306 3100 Nori.

254 3124 361 3181 ‘Mead
380 3127 455 3180 Harl.
468 3128 493 3181 0.
512 3127 589 3181 Cant.
604 3146 629 3179 α.
642 3146 669 3194 γ.
690 3125 746 3180 Eri.
762 3127 784 3182 l.
804 3137 830 3181 et
847 3127 1036 3199 Lagonrarsini
1056 3129 1180 3183 omnibus
1198 3139 1308 3199 praeter

263 3196 308 3264 ai.
326 3227 367 3280 pr.
387 3228 421 3264 m.
442 3210 503 3265 edd.
522 3211 661 3277 antiquiss.
683 3211 743 3264 Ald.
763 3208 924 3266 lunt-Crat.
942 3212 1039 3267 Pearc.
1060 3211 1175 3278 Muell3
1201 3213 1254 3266 hoc
1271 3230 1307 3265 ex

255 3292 317 3345 -tllts
337 3294 490 3363 plerisque,
515 3311 582 3362 quos
606 3295 663 3347 dixi
686 3304 797 3365 praeter
814 3296 866 3349 Gn.
885 3297 902 3349 0
921 3300 1007 3365 (errat
1023 3296 1233 3365 Henrichsen.);
1258 3297 1307 3349 sed

262 3373 332 3444 Lag.
349 3376 416 3430 solis
434 3380 459 3431 4.
476 3376 519 3432 81.
538 3378 579 3431 04.
616 3377 667 3431 lllo
687 3379 748 3431 loco
767 3396 833 3431 cam
851 3379 902 3433 Gu.
922 3381 947 3434 3.
970 3378 1024 3435 Ox.
1043 3382 1194 3450 plerique,·
1209 3380 1303 3450 Stcplr.

218 3480 220 3484 v
263 3455 359 3512 Lamh.
378 3458 454 3516 Grut.
483 3471 510 3514 et
525 3470 639 3515 recentt.
659 3479 752 3516 omnes
771 3481 810 3533 pr.
826 3462 941 3528 Muell.;
968 3465 1021 3518 lroc
1038 3464 1088 3534 Lg.
1110 3466 1250 3534 {clerique,'
1270 3464 1305 3517 el.

257 3545 405 3609 >quonlam
416 3543 491 3608 llrl3
511 3561 538 3598 v.
552 3545 686 3601 Wunder.
703 3546 788 3616 praei.
803 3565 828 3617 p.
841 3546 963 3601 XCVlll.
991 3548 1048 3601 Sed
1062 3566 1114 3601 orn.
1134 3555 1195 3602 tam
1214 3546 1269 3601 Eri.
1281 3548 1304 3602 l.

255 3616 321 3679 Eri.
340 3625 392 3680 Gn.
404 3627 430 3682 3.
450 3625 504 3681 Ox.
519 3628 651 3697 plerique,
672 3630 732 3684 edd.
748 3632 887 3698 antiquiss.
905 3631 981 3687 Grut.
996 3651 1054 3702 sqq.
1078 3633 1188 3686 Deinde
1204 3633 1306 3685 maltis

255 3708 335 3762 eltis
353 3710 439 3764 rebus
456 3711 556 3764 omisso
575 3713 687 3765 tradedi
705 3715 835 3768 exeant.
856 3712 909 3769 Or.
929 3718 1067 3783 omnibus,
1090 3716 1147 3770 nrt.
1168 3719 1190 3771 l.
1215 3716 1265 3769 Gu.
1281 3714 1305 3770 l.

260 3790 285 3847 0.
306 3792 354 3861 (de
371 3793 395 3848 0.
421 3802 494 3847 errat
512 3794 669 3861 llenrielrs.)
691 3796 749 3850 Eri.
774 3799 836 3852 edd.
860 3799 1017 3868 antiquiss,
1040 3810 1068 3854 et
1090 3800 1140 3872 ng.
1165 3801 1199 3853 ad
1225 3816 1306 3853 unum

252 3875 400 3941 mnibus,
424 3885 454 3929 ut
471 3877 525 3929 iam
542 3876 620 3931 Grut.
639 3879 705 3934 Era.
725 3877 789 3934 Scir.
809 3882 910 3937 fecere.
947 3882 1044 3954 Longe
1062 3884 1158 3937 lectius
1177 3884 1229 3937 hoc
1247 3882 1306 3935 vul·

255 3965 341 4025 ¹gato:
362 3974 390 4011 v.
410 3960 549 4029 explicatt.
567 3961 603 4013 ad
620 3962 690 4030 La,
709 3963 750 4017 10.
766 3993 803 4005 -
828 3961 1021 4035 efferendam]
1038 3969 1162 4037 plerique
1180 3968 1259 4022 codd.
1278 3976 1307 4021 et
1480 4032 1481 4035 Ἴ

218 4058 221 4063 ·
260 4038 323 4091 edd.
336 4036 503 4106 serendam,
522 4043 596 4111 quod
612 4061 667 4098 non
682 4047 775 4100 addito
793 4048 932 4101 laudibus
946 4067 1041 4103 verum
1058 4068 1118 4103 esse
1135 4068 1190 4104 non
1205 4061 1306 4121 potest.
1480 4040 1481 4121 1

256 4117 328 4172 iilud
350 4120 378 4174 ln
399 4124 465 4177 solis
487 4123 539 4195 Lg.
558 4124 600 4180 84.
618 4125 652 4181 03
672 4129 779 4199 reperi,
804 4131 934 4200 deditque
959 4134 1013 4187 iam
1031 4132 1180 4189 Lambinus
1199 4152 1234 4188 ex
1252 4152 1305 4205 mg.
1479 4176 1480 4181 κ

1473 4544 1478 4573 1
