2876 4612
268 310 364 402 isss
666 319 921 393 cronnonrs

267 482 435 564 emonam
450 475 666 572 conrnune
683 494 726 572 id,
748 494 832 581 qnod
853 504 1009 579 ageretur,
1031 493 1174 579 intellegi
1194 508 1327 583 posset,

268 614 390 702 duobus
410 611 575 678 translatis
591 611 702 678 uerbis
724 610 927 677 similitudine
949 614 1022 697 ipsa
1042 611 1180 678 indicat:
1320 609 1326 615 ’

311 731 448 808 Quaado
471 731 595 812 quidem
621 732 649 793 is
670 748 703 793 sc
724 731 932 794 circumvestit
953 730 1045 803 dictis
1072 733 1173 809 saepit
1194 732 1319 796 sedum.

266 842 338 914 lion
363 865 521 932 nunqnam
552 846 647 911 etiam
672 843 811 911 brevitas
837 843 1043 938 translatione
1072 844 1248 924 coniicitur,
1280 855 1317 912 ut

266 963 364 1031 illud:
395 962 431 1029 sa·
453 965 547 1028 telum
564 956 666 1026 taccu
685 964 778 1044 sopit
821 958 1031 1047 Imprudentia
1051 959 1107 1026 teli
1128 963 1219 1026 missi
1241 961 1314 1027 bre-

266 1084 336 1146 vius
366 1079 500 1166 propriis
529 1078 637 1144 verbis
668 1079 782 1165 exponi
812 1096 876 1142 non
901 1078 1019 1163 potuit,
1043 1060 1146 1163 'quam
1177 1088 1225 1144 est
1252 1098 1312 1147 uno

264 1193 447 1280 significata
465 1194 630 1263 translato.

232 1380 238 1388 ,
350 1308 422 1377 XL.
454 1311 527 1377 159.
548 1308 617 1377 Hoc
637 1312 671 1375 in
690 1329 808 1394 genere
826 1328 979 1397 persaepe
1001 1307 1078 1383 mibi
1095 1308 1312 1375 admirandum

265 1430 389 1495 videtur
413 1427 487 1515 quid
508 1429 563 1505 sit,
577 1426 674 1517 ¹qnod
700 1446 809 1493 omnes
829 1426 992 1492 uanslatis
1018 1436 1051 1492 et
1070 1426 1187 1492 alienis
1209 1428 1313 1511 magis

261 1545 460 1612 delectentur
484 1543 605 1621 verbis,
637 1563 731 1630 quam
755 1545 890 1631 propriis
921 1553 952 1609 et
967 1524 1057 1609 snisss
1097 1540 1178 1608 Nam
1205 1545 1233 1608 si
1259 1563 1312 1608 res

261 1682 357 1730 suum
382 1681 498 1729 nomon
525 1670 556 1727 ct
579 1659 768 1727 vocabulum
792 1661 950 1747 proprium
973 1678 1037 1724 non
1062 1658 1171 1738 babet,
1199 1669 1231 1724 ut
1253 1677 1312 1741 pes

267 1781 300 1845 in
321 1782 408 1858 navi,
435 1787 469 1845 ut
488 1798 622 1849 mcum.
647 1777 729 1863 quod
750 1797 807 1863 per
826 1776 946 1842 libram
963 1777 1079 1860 agitur,
1105 1777 1192 1841 utin
1213 1794 1310 1841 uxore

265 1898 472 1961 divortium:
492 1896 669 1962 necessitas
703 1896 789 1977 cogit
820 1894 903 1979 qnod
934 1912 998 1959 non
1029 1891 1150 1957 habeas
1183 1891 1310 1957 aliunde

261 2003 412 2091 'sumere;
439 2009 497 2076 sed
522 2013 556 2075 in
581 2029 709 2077 suorum
734 2008 1064 2108 verborumtmaxima
1088 2010 1181 2096 copia
1205 2018 1309 2075 tamen

260 2256 569 2314 auocamento.
587 2258 630 2314 oa.
650 2288 682 2299 -
702 2258 909 2332 tutellept1sic
926 2227 1177 2331 Lg.5.lt.to.-
1196 2255 1306 2330 posset]

258 2349 366 2419 posset
381 2342 433 2413 Lg.
448 2342 510 2398 XV.
530 2342 617 2410 Vict,
636 2344 688 2397 sed
703 2345 846 2398 meliorum
864 2345 961 2399 nullus.
981 2371 1017 2384 —-
1030 2342 1159 2413 potando
1176 2339 1306 2411 quidem]

264 2429 306 2483 sle
329 2427 436 2493 divisim
459 2425 510 2498 Lg.
529 2427 554 2484 6.
571 2426 620 2509 165.
638 2427 682 2482 67.
699 2428 741 2483 76.
761 2429 803 2489 76,
821 2428 863 2483 81.
887 2428 929 2484 st.
947 2428 990 2482 86.
1009 2427 1052 2482 63.
1087 2429 1229 2496 quoniam
1244 2428 1306 2495 pui-

256 2512 335 2566 'dem
356 2513 460 2566 icon-r.
478 2541 514 2551 —
544 2513 571 2566 is
590 2510 634 2581 se]
659 2513 699 2565 sic
723 2513 793 2565 conl.
816 2511 915 2567 Pearc.
941 2510 1086 2571 ediderunt
1108 2509 1175 2564 lirn.
1195 2507 1259 2563 Scb.
1281 2517 1306 2562 et

264 2595 434 2650 recentiores
452 2613 489 2649 en
502 2595 555 2649 (lu.
568 2594 604 2662 3.,
622 2596 672 2649 sed
690 2604 717 2649 et
735 2595 786 2650 Gn.
801 2595 826 2650 6.
845 2603 873 2649 et
889 2595 940 2666 Lg.
954 2595 981 2651 2.
998 2594 1039 2648 13.
1053 2594 1088 2649 32
1103 2594 1132 2646 id
1144 2591 1305 2646 firmant·-

265 2679 319 2732 teli
333 2678 438 2755 missi]
456 2680 566 2732 correxi
581 2680 722 2751 vulgatum
739 2683 844 2733 emissi
858 2696 895 2732 ex
909 2678 961 2749 lag.
979 2678 1090 2750 praeter
1103 2676 1146 2731 81.
1162 2676 1205 2730 81.
1224 2675 1305 2728 omnl-

264 2760 316 2817 bus
338 2769 366 2815 ct
384 2761 455 2818 Vict.
490 2762 643 2816 Ridiculum
660 2771 734 2817 esset
752 2764 827 2833 quod
845 2762 947 2816 Caesar
969 2770 997 2816 et
1015 2762 1062 2815 olii
1077 2760 1143 2814 boni
1160 2761 1305 2829 scriptores

257 2851 349 2916 'saepe
366 2845 494 2900 dixerunt
507 2846 633 2901 Ciceroni
650 2848 779 2901 indictum
791 2856 900 2918 putare,
918 2846 964 2915 qui
980 2861 1040 2898 cnm
1057 2844 1189 2898 derebus
1203 2841 1304 2896 bellicis
1379 2872 1383 2878 -

265 2939 293 2983 et
309 2946 446 2982 armorum
464 2947 566 3000 genere
583 2947 639 2984 non
656 2948 742 3001 saepe
757 2931 863 2985 locutus
877 2931 922 2995 sit,
938 2946 974 2982 ne
989 2929 1078 2982 altero
1096 2926 1206 2997 quidem
1219 2925 1303 2979 verbo
1422 2950 1423 2959 ι

239 3012 375 3083 ι,ιιιιιΙιιιιιι
397 3013 491 3063 utendi
513 3008 602 3064 locum
623 3014 736 3067 invenit.
770 3013 923 3070 Praeterea
941 3013 1010 3067 inde
1023 3012 1150 3067 dicuutur
1165 3009 1302 3072 missilia,

255 3093 453 3235 4Ιὸιὲᾳιιέδειιῑιιιιι
469 3095 536 3148 sutis
549 3103 591 3148 est
608 3096 644 3149 ad
656 3098 735 3150 verbi
752 3095 843 3155 iidem.
857 3126 892 3140 -—
908 3095 1034 3172 exponi]
1052 3098 1185 3168 exprimi
1199 3093 1249 3163 hg.
1260 3092 1301 3148 35.

253 3362 258 3373 .
350 3295 410 3351 XL.
448 3295 505 3352 156.
540 3295 597 3351 boc
617 3301 649 3353 ist
664 3297 783 3370 ponere]
807 3297 882 3369 quod
903 3298 1039 3370 praemitti
1060 3300 1182 3376 solebat,
1207 3308 1301 3372 atquc,

263 3379 412 3435 Lambinus
437 3381 668 3452 omisit‚·nosque
692 3384 779 3436 secuti
802 3398 894 3435 sumus
915 3391 1030 3452 propter
1046 3381 1131 3439 iidem
1154 3386 1234 3440 codd.
1254 3385 1302 3455 ng.

252 3469 373 3535 =practer
395 3462 436 3517 76.
460 3464 503 3522 81,
527 3464 570 3521 84.
596 3468 730 3533 omnium,
751 3467 816 3520 item
837 3465 907 3521 vict.
933 3465 985 3520 Gu.
1003 3466 1028 3521 3.
1046 3493 1083 3508 ·-
1111 3466 1302 3537 delectentur]

250 3546 301 3619 jsic
318 3540 413 3623 bamb.
430 3545 513 3615 Ero„
537 3559 567 3603 ut
584 3551 720 3620 oportuit,
742 3548 908 3620 firmantque
928 3548 1216 3624 emendationemlng.
1233 3554 1259 3608 3.
1276 3552 1300 3607 6.

250 3628 303 3684 ,13.
323 3630 364 3686 15.
382 3631 424 3686 64.
443 3631 485 3687 33.
503 3632 546 3687 36.
563 3633 605 3687 86.
630 3634 682 3688 6ιι.
701 3633 727 3688 3.
763 3633 889 3699 Talibus,
907 3632 999 3701 qualia
1014 3632 1097 3688 babet
1113 3633 1252 3689 Matthiae
1268 3634 1303 3688 ad

236 3714 330 3789 :suu
344 3712 386 3782 13,
396 3714 450 3783 81.,
466 3718 527 3771 sine
539 3718 614 3771 libris
628 3718 704 3773 credi
720 3724 777 3772 iton
785 3717 881 3770 debet.
892 3743 929 3757 -
947 3712 1121 3779 uocabulum
1128 3717 1300 3792 proprium]
1419 3748 1420 3789 j

260 3797 300 3850 sic
316 3798 416 3852 inverti
433 3817 494 3854 cum
510 3799 601 3871 ligura
612 3804 728 3879 χιασμῷ
746 3818 782 3855 ex
799 3799 849 3871 Lg.
867 3809 979 3872 praeter
996 3799 1023 3857 6.
1042 3801 1083 3857 17.
1100 3802 1142 3859 81.
1156 3802 1200 3857 84.
1218 3802 1301 3856 omni·

259 3881 311 3936 bus
329 3890 357 3935 ct
375 3882 426 3938 Gu.
442 3883 467 3938 3.
496 3889 637 3957 propriis
652 3885 678 3940 6.
704 3902 757 3939 οιιι.
776 3883 817 3939 17.
833 3913 869 3924 -
893 3901 953 3957 pes
971 3888 1003 3938 ist
1019 3885 1109 3956 aaut]
1128 3903 1185 3958 pes
1204 3889 1302 3957 lomoni
1418 3922 1419 3929 1

173 4013 176 4026 ,
260 3963 311 4036 Lg.
328 3966 385 4020 3v.
401 3982 426 4022 ιι.
439 3974 458 4022 t.
494 3972 581 4021 inani
595 3968 621 4022 6.
657 3985 725 4040 spes
743 3971 775 4021 ia
791 3971 862 4022 aaut
878 3967 929 4024 Gu.
946 3968 971 4022 3.
1000 3985 1067 4042 spes
1085 3973 1190 4042 iqnaoi
1205 3969 1257 4024 Gn.
1274 3968 1298 4023 6.

259 4064 322 4100 sese
337 4048 459 4116 iactavit,
475 4059 552 4120 puto,
571 4051 617 4120 qui
635 4049 689 4104 boc
706 4051 807 4122 primus
824 4053 935 4123 reperit
953 4082 985 4093 -
998 4069 1065 4124 'per
1082 4051 1204 4122 libram]
1223 4050 1298 4107 lidius

260 4126 312 4197 Lg.
329 4129 354 4186 3.
373 4131 398 4188 6.
416 4131 441 4187 6.
463 4131 503 4189 lt.
521 4132 564 4189 16.
584 4133 624 4190 17.
642 4133 686 4191 36.
703 4134 746 4191 21.
763 4133 806 4191 63.
823 4135 866 4194 36.
884 4135 928 4193 66.
944 4134 989 4193 67.
1006 4135 1049 4192 63.
1069 4136 1110 4193 76.
1130 4137 1172 4192 73.
1188 4134 1232 4192 81.
1250 4133 1294 4191 33.
