2958 4584
301 386 303 389 .
405 287 466 353 DE
495 286 721 383 ORATORE
749 289 874 359 Lunna
894 289 932 356 11.
956 293 1006 358 18.
1134 295 1234 365 m

186 459 306 526 biliora
326 458 451 534 iecisti.
472 477 510 523 eo
538 477 587 523 mo
614 459 715 525 maior
741 461 914 544 expectatio
939 468 1023 525 tenet
1048 458 1234 555 quibusnam
1342 508 1344 513 -

187 575 362 642 rationibus
384 573 556 660 quibusque
578 566 753 661 praeceptis
780 596 821 640 ea
840 586 928 642 tanta
948 578 997 642 vis
1020 586 1247 663 comparatum.

187 714 251 760 non
277 713 336 778 quo
358 711 430 757 mea
456 692 581 777 quidem
607 694 671 760 iam
698 694 820 758 intersit
842 694 955 778 (neque
982 696 1064 762 enim
1087 703 1176 759 aetas
1197 693 1231 787 id

187 829 257 874 mea
278 809 436 874 desiderat
462 819 493 874 et
520 809 606 879 aliud
632 830 732 893 genus
760 811 916 895 quoddam
943 811 1069 882 dicendi
1095 830 1154 876 nos
1177 830 1229 875 se-

173 929 246 992 -euti
269 946 387 1003 sumus,
414 928 467 1013 qui
487 946 644 1012 nunquam
667 929 839 992 sententias
864 928 902 992 de
924 927 1069 993 manibus
1091 927 1228 992 iudicum

67 1076 80 1091 κ
182 1045 214 1109 vi
236 1044 371 1129 quadam
394 1046 547 1110 orationis
569 1046 758 1135 extorsimus
780 1065 819 1115 ao
839 1049 942 1132 potius
963 1045 1097 1132 placatis
1120 1064 1227 1113 eorum

159 1178 161 1183 ⁴
184 1163 296 1226 animis
315 1171 441 1239 tantum,
465 1170 611 1246 quantum
632 1164 694 1248 ipsi
713 1163 918 1248 patiebantur,
941 1162 1147 1249 accepimus)·‚
1169 1160 1227 1226 sed

181 1276 290 1348 tamen
311 1281 377 1347 ista
402 1287 458 1344 toa
482 1277 601 1348 nullum
632 1279 673 1345 ad
699 1299 790 1351 usum
815 1301 937 1356 meum,v
962 1261 1080 1349 tantum
1107 1298 1225 1363 cogno·
1338 1348 1342 1352 .

182 1397 290 1478 scendi
319 1395 422 1461 studio
450 1395 600 1475 adductus
626 1399 762 1482 requiro.
806 1397 857 1462 75.
884 1395 950 1464 Nee
976 1396 1052 1462 mihi
1078 1415 1155 1483 opus
1177 1403 1226 1460 est

114 1540 121 1553 r
157 1511 305 1579 'Graeco
338 1513 444 1597 aliquo
476 1513 618 1591 doctore,
653 1515 706 1598 qui
737 1512 813 1579 mihi
839 1514 1024 1601 pervulgata
1054 1523 1224 1600 praecepta

180 1630 339 1706 decantet,
367 1649 436 1695 eum
462 1632 529 1716 ipse
556 1650 713 1716 nunqnam
738 1615 854 1708 iorum,
880 1651 1036 1722 nunquam
1057 1611 1160 1696 ullum·
1175 1633 1223 1700 iu-

181 1747 296 1811 dicium
325 1749 499 1832 aspexerit3
533 1757 566 1811 ut
591 1751 812 1833 peripateticus
844 1748 899 1812 ille
931 1721 1043 1813 dioitdr
1066 1746 1223 1837 Phormio,

68 1862 75 1875 '
180 1882 250 1928 eum
264 1844 423 1930 Hannibal
439 1861 629 1952 Carthagine
647 1865 794 1953 expulsus
808 1865 964 1958 Ephesum
981 1865 1020 1937 ad
1037 1862 1223 1936 Antiochino

177 2080 280 2135 Bakius
293 2092 390 2136 contra
407 2083 506 2136 diseat
520 2082 621 2147 obiicit,
639 2081 713 2149 quod
729 2081 882 2138 sententiae
895 2081 1059 2141 contrarium
1073 2100 1133 2137 esse
1147 2082 1219 2141 dicit.

177 2167 233 2219 Sed
255 2169 283 2219 in
303 2166 443 2221 (discendo
461 2167 532 2224 inest
550 2168 667 2238 peritiae
690 2166 819 2220 discendo
844 2175 940 2236 partae
961 2166 1166 2239 assignificatib.
1186 2198 1218 2211 -

178 2252 282 2324 clipeo]
298 2253 340 2314 vsie
358 2270 409 2321 per
426 2257 438 2305 i
453 2251 504 2323 Lg.
522 2253 547 2306 2.
568 2252 607 2306 13.·
628 2251 669 2304 14.
690 2250 788 2306 1516.
810 2251 850 2305 17.
869 2251 910 2306 21.
931 2252 974 2307 23.
993 2251 1155 2306 243235.
1174 2251 1217 2307 36.

176 2336 218 2389 67.
237 2335 279 2389 69.
299 2337 340 2390 76.
357 2336 400 2392 81.
417 2337 459 2391 64.
477 2336 519 2390 66.
538 2336 581 2390 93.
604 2336 655 2390 Gn.
674 2337 699 2390 2.
735 2336 828 2408 alapia
846 2334 897 2389 Gn.
917 2336 993 2389 1.-
1021 2336 1112 2402 idem]
1135 2326 1219 2405 vulgo

177 2420 299 2473 additum
328 2421 377 2473 illa
404 2421 481 2473 omisi
509 2421 656 2477 secundum
686 2422 804 2491 optimos
832 2421 923 2473 sontes
951 2418 1003 2491 Lg.
1026 2419 1051 2474 2.
1077 2420 1102 2473 3.
1126 2420 1151 2471 4.
1176 2417 1217 2478 13.

177 2503 211 2556 32
234 2504 296 2561 odd.
325 2503 368 2558 36.
409 2505 506 2558 eidem
530 2505 581 2559 Gn.
606 2506 630 2560 3.
663 2506 737 2575 quod
762 2506 879 2574 scriptor
901 2504 992 2557 retulit
1018 2503 1054 2557 ad
1076 2502 1218 2573 altpteamr

177 2587 294 2656 artifem
310 2590 381 2642 enim
402 2598 465 2660 post
481 2591 602 2659 sequitur
621 2601 686 2661 ante
701 2589 867 2648 vocabulum
887 2605 985 2662 opera.
998 2616 1035 2626 -
1058 2584 1217 2654 laborabit]

175 2672 342 2729 elaborabit
359 2673 410 2744 lag.
428 2676 452 2728 4.
472 2682 499 2729 et
516 2693 569 2730 seo.
588 2695 622 2734 m·
641 2677 667 2732 2.
755 2732 757 2737 ,
818 2702 820 2705 ·
1145 2682 1157 2700 “

205 2772 208 2779 “
260 2756 361 2813 xviii.
394 2759 434 2813 74.
464 2758 636 2830 quibusque]
655 2761 718 2813 dodi
735 2776 787 2830 pro
805 2756 943 2828 quibusve
959 2764 1067 2808 secutos
1085 2753 1136 2825 ng.
1150 2753 1174 2809 2.
1188 2753 1228 2810 3.·

81 2840 84 2844 ’
173 2844 198 2905 4.
213 2843 241 2896 5.
251 2843 275 2896 6.
297 2843 336 2896 13.
354 2843 393 2897 14.
406 2842 453 2901 '15.‘
466 2845 505 2898 16.
522 2844 561 2902 17.
580 2844 622 2899 23.
637 2845 679 2903 24.
698 2844 740 2898 32.
756 2843 798 2897 36.
817 2842 858 2896 65.
873 2841 915 2896 67.
936 2840 977 2894 76.
994 2839 1034 2894 73.
1049 2840 1090 2902 76.
1108 2839 1151 2895 81.
1169 2828 1213 2897 66.

174 2927 225 2981 Gn.
245 2927 286 2990 2.;
311 2927 394 2996 idque
418 2929 454 2981 od
469 2931 632 2983 sententiam
650 2929 740 2998 potius
759 2935 814 2980 est:
838 2943 873 2978 ex
890 2928 1006 2980 ratione
1023 2926 1094 2978 enim
1112 2928 1213 3000 (τέχνῃ,

172 3008 299 3082 μεθόδῳ)
317 3023 473 3080 sequuntur.
478 3021 645 3086 praecepta
661 3012 825 3082 singniarum
844 3028 941 3065 rernm.
960 3038 995 3051 -
1012 3002 1213 3082 eomparatur]

173 3103 396 3167 aontpararetar
419 3095 471 3170 ng.
494 3098 579 3151 213.
600 3098 642 3152 36.
676 3102 868 3167 eomparatur
884 3098 908 3149 4.
927 3122 962 3136 --
986 3110 1045 3148 aaa
1062 3097 1130 3164 qao]
1154 3113 1214 3149 aaa

172 3181 252 3250 qnod
272 3179 322 3252 Lg.
346 3183 371 3235 4,
396 3181 436 3235 17.
462 3182 504 3235 26.
529 3182 572 3237 23.
595 3182 629 3234 32
646 3198 716 3233 corr.
742 3180 784 3234 69.
807 3181 848 3234 76.
878 3179 929 3234 Gn.
953 3179 975 3241 l.
1000 3196 1044 3232 om
1066 3178 1108 3234 84.
1145 3197 1213 3234 eam

172 3265 224 3333 Gn.
248 3264 272 3321 3.
295 3294 331 3304 —-
363 3268 443 3334 mea]
469 3284 522 3320 om.
548 3265 597 3336 Lg.
627 3266 667 3319 17.
695 3296 726 3304 —
766 3265 895 3334 quidem]
923 3268 1079 3338 quicquam
1101 3266 1213 3336 corrigit

170 3349 285 3403 Bakius
306 3382 337 3390 -
370 3353 433 3404 iam
452 3349 659 3418 intorsitpinv.
684 3348 734 3420 13.
754 3350 777 3406 4.
799 3349 842 3405 24.
878 3352 941 3401 iam
967 3366 1018 3410 om.
1044 3348 1078 3400 35
1096 3348 1212 3420 adds-⁴
1285 3411 1291 3419 ‚
1361 3332 1372 3343 ³

169 3451 265 3507 qenrtq
278 3435 441 3504 quoddam]
461 3437 499 3489 ita
516 3435 654 3504 posuimus
671 3433 817 3488 secundnm
836 3431 886 3503 ng.
898 3433 923 3486 2.
936 3432 960 3486 3.
975 3435 999 3486 4.
1014 3433 1039 3487 6.
1056 3432 1096 3492 13.
1110 3433 1151 3491 32.
1167 3423 1209 3492 36.

171 3520 222 3573 Gn.
241 3519 266 3573 3.
294 3521 350 3573 dia.
370 3535 462 3590 pereas
479 3519 632 3589 quoddam
651 3519 691 3571 17.
711 3547 747 3557 -
770 3516 888 3571 dicendi
904 3518 969 3584 aas]
987 3517 1042 3571 inv.
1062 3516 1113 3576 Gu.
1132 3518 1157 3578 3.
1175 3548 1211 3564 ψ-

167 3604 311 3675 placatds]
323 3607 448 3675 pacatis
466 3602 517 3675 [ις.
533 3603 576 3657 73.
598 3607 752 3676 possessio
771 3602 821 3656 Gn.
840 3599 866 3659 3.
885 3601 960 3660 mire,
978 3629 1014 3640 ·-
1032 3605 1211 3673 accepimus]

130 3738 133 3743 .
169 3689 346 3765 adaepimae
360 3686 410 3759 Lg.
424 3688 466 3742 65.
485 3689 528 3743 67.
544 3688 585 3742 76.
601 3717 637 3734 ν-
656 3688 719 3755 sed]
737 3693 782 3739 set
798 3684 847 3756 Lg.
866 3685 891 3740 2.
908 3713 944 3733 r-
961 3687 1033 3753 ista]
1049 3691 1081 3741 ot
1097 3686 1147 3759 Lg.
1167 3687 1209 3747 13.

169 3776 198 3845 ot
213 3776 274 3827 ista
292 3771 326 3835 32
344 3790 414 3828 corr.
444 3780 496 3840 tua
515 3791 566 3828 om.
585 3773 655 3827 Viet.
677 3804 707 3815 ·—
733 3771 844 3836 stadio]
863 3769 993 3827 studium
1010 3770 1061 3830 Gn.
1079 3771 1104 3829 3.

256 3856 298 3910 75.
333 3873 483 3926 nunquam
504 3858 607 3925 allam]
633 3855 746 3911 nullam
770 3870 899 3927 anquam
922 3854 972 3926 Lg.
992 3856 1016 3912 4.
1042 3856 1116 3911 houd
1138 3859 1210 3913 mole

168 3959 229 3995 curm
248 3938 339 4010 figura
356 3944 489 4012 χιασμοῦ.
524 3958 674 4011 artnqaam
695 3940 823 3998 iadicem
845 3938 938 3992 allam
957 3940 1027 3995 vict.
1064 3941 1209 3996 indiciam

167 4026 261 4080 uldam
280 4024 332 4095 Lg.
350 4025 392 4079 26.
415 4043 469 4081 om.
488 4025 754 4097 allam81.184.-
783 4025 950 4101 aspexerit]
973 4026 1013 4077 sic
1034 4024 1085 4094 Lg.
1104 4041 1208 4092 omnes,

133 4160 138 4169 ,
168 4109 239 4173 vict.
264 4109 315 4167 Gu.
335 4110 358 4169 l.
376 4110 401 4165 2.
421 4109 447 4167 3.
468 4141 498 4155 -·
525 4109 681 4178 Pbormto]
703 4116 766 4181 post
783 4107 837 4166 noc
854 4123 954 4166 nomen
969 4106 1069 4166 leviter
1088 4107 1208 4185 distinxi,
