2968 4596
289 366 357 438 00
384 328 389 341 ’
684 354 940 432 cressonis

288 544 372 602 certe
391 530 521 602 concedi
536 545 584 602 est
600 532 740 621 aequius.
783 535 835 600 79.
859 535 940 600 Tum
955 533 1122 601 Crassum:
1146 533 1242 602 lmmo
1256 538 1337 602 vero

287 653 480 721 commodius
503 655 614 732 etiam3
636 653 840 740 pulvinosque
862 656 1046 740 poposcisse
1070 664 1101 718 et
1122 654 1223 719 omnis
1245 655 1278 718 in
1292 654 1343 718 iis'

287 771 429 847 sedibus,
454 790 533 856 quae
558 781 647 837 erant
668 771 726 836 sub
748 771 889 859 platano,
913 772 1097 837 consedisse
1120 770 1253 837 dicebat.

286 959 291 971 ,
352 885 451 988 Vlll,
494 887 540 954 lbi
563 898 596 954 ut
617 909 656 954 ex
676 890 808 976 pristino
831 895 975 955 sermone
997 889 1215 955 relaxarentur
1236 889 1336 953 animi

286 1008 434 1083 omnium,
458 1005 582 1073 solebat
605 1004 696 1072 Cotta
716 1026 848 1071 narrare
865 1005 1014 1073 Crassum
1037 1026 1212 1072 sermonem
1235 1025 1336 1091 quen-

286 1124 358 1189 dam
385 1125 423 1189 de
446 1125 548 1191 studio
571 1124 696 1190 dicendi
722 1122 876 1189 intulisse.
925 1124 977 1189 36.
1006 1123 1067 1203 Qui
1090 1144 1159 1190 cum
1181 1126 1226 1188 ita
1247 1133 1336 1189 esset

285 1262 433 1309 exorsus:
455 1262 519 1307 non
543 1239 604 1306 sibi
627 1241 850 1307 cohortandum
873 1239 1045 1329 Sulpicium
1065 1252 1096 1307 et
1116 1239 1251 1316 Cottam,
1274 1239 1335 1305 sed

284 1362 387 1445 magis
415 1369 574 1444 utrumque
602 1357 843 1424 collaudandum
868 1358 983 1436 videri,
1014 1358 1097 1445 quod
1122 1368 1240 1423 tantam
1267 1359 1335 1422 iam

285 1487 391 1543 essent
418 1475 598 1541 facultatem
626 1476 743 1563 adepti,
776 1486 895 1542 utnon
924 1475 1109 1562 aequalibus
1137 1477 1203 1540 suis
1230 1474 1335 1540 solum

285 1604 558 1680 anteponerentur,
586 1594 643 1659 sed
670 1611 740 1659 cum
766 1593 937 1660 maioribus
963 1604 1039 1658 natu
1061 1601 1333 1680 compararentur:

284 1732 385 1798 neque
410 1722 487 1777 uero
511 1709 586 1776 mibi
608 1713 787 1797 quicquam,
817 1712 928 1797 iuquit,
956 1710 1179 1800 praestabilius
1200 1710 1334 1786 uidetur,

285 1850 378 1917 quam
404 1848 498 1916 posse
525 1829 657 1895 dicendo
678 1839 785 1894 tenere
808 1827 964 1895 hominum
987 1839 1094 1894 coetus
1116 1838 1235 1893 montes
1258 1826 1334 1895 alli-

285 1966 357 2013 cere
379 1945 555 2011 voluntates
577 1944 737 2032 impellere
760 1965 821 2031 quo
838 1944 927 2021 velit,
950 1946 1030 2011 unde
1055 1957 1156 2011 autem
1178 1945 1254 2015 velit
1276 1944 1333 2009 de-

286 2064 410 2129 ducere.
450 2060 537 2127 Haec
558 2082 621 2127 una
642 2082 693 2127 res
717 2064 749 2127 in
771 2064 854 2127 omni
875 2062 977 2129 libero
998 2062 1112 2149 populo
1135 2064 1333 2147 maximeque

285 2181 449 2268 impacatis
463 2179 702 2267 tranquillisque
718 2180 894 2246 civitatibus
908 2158 1075 2267 praecipue
1092 2200 1214 2266 semper
1228 2178 1335 2245 floruit

371 2396 412 2452 79.
450 2395 555 2466 immo]
583 2400 643 2450 lmo
664 2396 714 2469 Lg.
736 2397 776 2449 15.
794 2396 835 2452 71.
852 2395 899 2452 67.
919 2396 960 2452 76.
979 2397 1021 2452 84.
1041 2396 1084 2452 86.
1103 2426 1138 2437 -
1171 2393 1251 2464 uero]
1274 2412 1332 2452 orn.

283 2481 311 2537 3.
333 2481 374 2537 37.
398 2481 440 2537 67.
458 2511 493 2521 -
529 2481 844 2553 0000000100100000.
869 2482 919 2553 Lg.
944 2481 969 2536 7.
992 2480 1035 2536 69.
1055 2511 1091 2522 ·-
1124 2478 1333 2554 pulvinosque]

277 2554 738 2641 00101110000017101.1136010.
759 2586 812 2622 sec.
834 2575 863 2620 et
878 2556 1017 2640 pmlolooss
1034 2566 1083 2637 Lg.
1096 2567 1138 2621 76.
1156 2596 1192 2607 ·-
1220 2565 1332 2634 000πί0]

237 2723 240 2731 Ι
281 2652 377 2723 scripsi
399 2669 434 2704 ex
454 2650 503 2722 Lg.
523 2651 563 2706 13.
585 2652 624 2706 15.
645 2650 687 2705 36.
705 2652 739 2705 76
758 2669 828 2707 corr.
846 2650 888 2705 86.
906 2680 942 2692 »-
977 2650 1037 2721 r'ls]
1054 2650 1101 2705 blo
1118 2650 1167 2722 Lg.
1181 2650 1243 2716 XV,
1263 2665 1331 2718 quo·

281 2752 340 2789 rum
355 2735 420 2789 boni
440 2735 464 2789 3.
483 2735 526 2789 65.
545 2736 587 2790 67.
605 2735 647 2790 69.
667 2735 708 2790 70.
726 2736 765 2791 73.
784 2737 825 2790 93.
853 2735 904 2790 Gur.
920 2735 945 2788 7.
964 2731 1136 2807 7110034
1160 2739 1223 2788 suis
1241 2734 1293 2789 Gu.
1304 2733 1330 2789 3.

282 2818 313 2872 10
338 2818 387 2889 Lg.
409 2818 441 2871 13
465 2818 515 2871 sub
537 2818 557 2871 b
582 2827 624 2872 est
646 2818 747 2873 lineola
769 2821 895 2874 mendum
917 2821 1099 2875 10610000-
1135 2819 1253 2874 dicebat
1276 2818 1331 2874 del.

281 2901 379 2957 Muell.

369 2985 443 3039 Vlll.
479 2984 521 3039 36.
559 2985 816 3059 compararentur]
842 2995 1075 3061 cooperarentur
1100 2989 1150 3061 bg.
1174 2989 1199 3045 7.
1223 2986 1266 3042 67.
1288 2987 1331 3042 76.

284 3076 493 3144 comparentur
510 3070 598 3126 (10.3.
615 3099 651 3114 —
676 3089 743 3126 vero
763 3072 851 3143 mibi]
872 3074 927 3127 inv.
942 3072 1073 3144 Lg.XVl.
1095 3074 1134 3126 ita
1151 3090 1220 3128 corr.
1240 3072 1282 3126 37.
1295 3100 1330 3113 —-

283 3161 441 3229 quicquam
461 3153 510 3227 Lg.
531 3172 623 3210 omnes
642 3173 681 3227 pr.
701 3160 725 3212 4.
744 3157 803 3224 76.,
828 3157 892 3211 item
911 3157 962 3211 Gn.
978 3157 1003 3212 7.
1016 3158 1040 3212 3.
1062 3167 1213 3230 regnatque
1230 3157 1285 3210 boc
1302 3164 1331 3210 et

164 3292 167 3303 ,
283 3240 423 3312 quiequid
442 3240 468 3293 ln
482 3240 578 3307 codd,
598 3241 789 3311 plaudentibus
802 3241 987 3295 Grammaticis
1002 3241 1086 3296 Prisc.
1108 3262 1134 3313 p.
1149 3243 1208 3297 559.
1238 3241 1330 3312 Capro

283 3343 310 3396 p.
323 3324 398 3380 7741.
423 3323 516 3396 Papir.
536 3343 580 3395 ap.
600 3325 721 3380 Cassiod.
741 3343 767 3396 p.
783 3325 859 3381 7791.
889 3324 961 3380 Mar.
979 3326 1082 3381 Victor.
1102 3345 1128 3397 p.
1142 3327 1226 3392 7466,
1247 3342 1330 3395 quou-

282 3427 361 3480 quam
379 3407 520 3464 dissentire
539 3410 648 3463 videtur
666 3410 777 3467 Quintil.
799 3409 818 3464 l.
838 3411 863 3476 7,
880 3409 912 3475 6;
938 3410 986 3462 nisi
1007 3411 1028 3463 is
1047 3427 1101 3464 000
1121 3419 1175 3464 tarn
1192 3412 1232 3464 ita
1248 3410 1329 3464 scribi

280 3493 404 3564 frigidum
435 3495 513 3560 dicit,
544 3511 623 3564 quam
653 3512 761 3547 causam
792 3511 840 3547 cur
870 3496 907 3547 ita
938 3494 1019 3548 scribi
1049 3495 1159 3563 quidam
1182 3496 1328 3550 voluerint.

280 3577 350 3631 Vide
371 3578 440 3630 inira
460 3578 508 3644 16,
529 3579 569 3634 43,
601 3578 646 3643 17,
665 3578 707 3632 51.
735 3578 783 3645 75,
805 3578 862 3632 116.
889 3578 937 3643 79,
959 3579 1016 3634 133.
1039 3579 1094 3646 36,
1116 3580 1173 3634 134.
1200 3579 1327 3646 34,158.

281 3660 407 3726 39,178.
433 3658 482 3725 67,
500 3661 559 3714 764.
604 3661 637 3715 ll.
668 3662 693 3727 7,
711 3662 752 3716 79.
782 3663 827 3728 19,
846 3663 886 3717 77.
915 3663 961 3728 16,
978 3663 1020 3717 83.
1045 3663 1175 3729 74,167.
1200 3665 1327 3731 75,168,
1360 3706 1364 3712 .

281 3744 330 3809 55,
350 3743 408 3799 776.
432 3743 558 3809 81,336.
584 3744 633 3811 86,
653 3746 712 3799 356.
750 3745 797 3800 111.
820 3747 844 3812 7,
863 3747 904 3800 77.
929 3745 961 3812 8,
980 3746 1022 3801 79.
1048 3748 1094 3814 19,
1113 3748 1154 3803 77.
1200 3748 1328 3820 Quisque

280 3842 332 3880 000
355 3834 480 3879 testatum
503 3828 569 3881 satis
595 3838 636 3881 est
656 3846 707 3883 000
725 3848 743 3883 a
759 3847 802 3883 me
818 3831 958 3885 scribetur.
978 3861 1013 3872 -
1047 3837 1158 3888 mentia
1177 3834 1273 3904 scripsi
1294 3851 1328 3889 ex

281 3910 331 3980 Lg.
347 3907 386 3963 13.
401 3908 443 3962 36.
461 3936 497 3951 —
532 3911 666 3984 allicere]
683 3914 813 3968 adlicere
832 3915 881 3986 Lg.
896 3913 939 3970 65.
953 3915 988 3969 84
1004 3933 1073 3971 corr.
1094 3944 1129 3957 ——
1165 3919 1327 3992 impellere]

282 3997 341 4065 lap.
361 3991 410 4063 Lg.
429 3991 470 4048 74.
496 3996 617 4068 implere
638 3999 676 4052 17.
696 3997 738 4052 93.
757 4026 792 4041 -
828 4000 985 4071 deducere]
1004 4000 1150 4056 abducere
1167 4003 1217 4075 Lg.
1239 4003 1279 4060 76.
1292 4031 1327 4047 ·-
1416 4046 1418 4053 .

281 4077 483 4214 praegaoeque]
505 4086 639 4137 maxime
662 4079 710 4150 lig.
730 4081 754 4136 7.
774 4085 797 4137 4.
818 4082 852 4136 37
870 4100 938 4139 000.
958 4084 1000 4141 36.
1027 4086 1078 4141 Gu.
1097 4086 1122 4141 3.
1147 4092 1282 4144 martae
1299 4097 1327 4145 el

294 4178 333 4215 ,0.
370 4200 377 4216 .
