2980 4602
413 301 473 368 DE
500 300 727 371 ORATORE
753 300 877 369 LIBER
898 300 922 368 1.
943 301 995 369 33.
1118 330 1124 340 ·
1165 302 1229 377 ΟΙ

185 475 274 541 euim
293 481 325 539 te
351 473 415 537 ism
435 490 601 538 exoremus
621 488 755 536 neeesse
777 479 839 546 est,
865 469 1013 555 quonian
1033 466 1152 535 mines
1172 466 1243 535 m*

186 594 223 655 in
244 589 306 656 hoo
328 589 431 654 studio
452 607 511 654 neo
539 587 581 652 ad
603 586 700 652 aliam
722 586 849 651 dimisis
871 595 983 655 assem
1008 592 1042 650 ιι
1061 583 1156 651 uobis
1177 603 1233 651 ex·

183 706 302 793 piiaes,
332 745 365 753 -
393 704 541 790 quiequid
561 713 610 770 est
629 701 726 778 istud,
754 700 890 787 quadiu
915 702 949 767 io
969 699 1102 766 diceudo
1126 710 1231 787 poian

183 842 289 907 neque
306 825 390 886 euim
404 841 509 887 sumus
525 821 618 885 nimis
635 817 730 895 avidi,
745 819 808 882 ista
821 827 876 882 tua
890 816 1041 882 mediocri
1053 816 1250 902 eloquemur

186 939 325 1004 conteuti
352 956 472 1013 sumus,
500 935 594 1020 idque
621 954 660 999 ex
684 943 715 999 te
743 934 937 1019 quaerimus,
962 943 996 997 ιιι
1019 952 1059 998 ue
1079 931 1150 1018 plus
1171 948 1231 1001 aas

187 1073 410 1139 assequamur,
445 1072 538 1137 quam
564 1049 743 1136 mantulum
774 1053 873 1115 tuin
904 1048 1036 1115 diceudo
1065 1058 1231 1119 assequtus

186 1166 223 1236 e's
247 1209 286 1219 -
315 1171 477 1255 quoniam,
504 1187 584 1253 quae
608 1186 628 1232 a
650 1177 763 1231 natiue
783 1166 957 1251 expetenda
978 1172 1063 1242 sunt,
1089 1184 1130 1231 ea
1150 1166 1231 1233 diois
1338 1166 1347 1181 ‘

188 1307 251 1353 uon
275 1288 371 1351 nimis
398 1286 511 1351 deesse
537 1283 645 1361 uobis,
676 1282 751 1369 quud
776 1292 942 1368 praeterea
968 1300 1041 1348 esse
1067 1299 1230 1349 asam

189 1403 260 1468 dom
280 1414 381 1489 putes.
695 1392 698 1395 ¹

188 1564 193 1569 -
270 1516 381 1583 XXX.
414 1515 486 1583 134.
516 1515 597 1582 Tum
624 1512 761 1583 Crassus
791 1513 942 1583 arridens.
997 1512 1081 1596 Quid
1106 1534 1230 1595 aemes,

187 1637 301 1721 iuquit,
324 1632 429 1712 Cotta,
455 1635 519 1699 uisi
541 1614 676 1699 studium
697 1644 728 1700 et
750 1634 895 1699 ardorem
916 1633 1070 1718 quendam
1091 1636 1229 1701 amoris?

190 1755 260 1817 siue
282 1771 341 1837 quo
363 1758 433 1817 eum
453 1753 487 1815 in
507 1753 574 1817 vita
594 1749 674 1814 nihil
692 1752 859 1834 quiequam
872 1751 1044 1833 egregium,
1064 1760 1128 1815 tum
1146 1759 1230 1817 aerio

187 1869 263 1946 hoo,
291 1868 375 1952 quod
393 1878 426 1932 tu
447 1870 581 1954 expetis,
609 1844 701 1932 uemo
727 1885 864 1949 uuquam
886 1875 1080 1949 assequetur.
1121 1863 1230 1951 Neque

186 1991 263 2051 uero
284 2004 343 2050 vos
365 1984 406 2049 ad
428 2003 499 2049 eam
521 2003 587 2048 rem
607 1984 700 2050 video
722 2003 794 2049 esse
816 1982 1037 2060 cohortandos,
1059 2000 1138 2067 quos
1160 2004 1229 2050 eum

121 2139 127 2142 >
187 2101 263 2166 mihi
285 2104 407 2184 quoque
427 2099 504 2165 ¹sitis
526 2098 664 2179 molesti,
689 2101 783 2165 nimis
805 2102 899 2165 etiam
920 2099 1056 2184 flagrare
1077 2099 1229 2184 intellego
1257 2102 1261 2109 '

187 2218 364 2303 eupiditate.
413 2216 484 2281 las.
500 2208 579 2279 ‘Sed
604 2216 743 2302 proiecto
771 2216 874 2282 studia
899 2215 979 2281 nihil
1003 2227 1131 2302 prosunt
1157 2237 1229 2302 per-

187 2333 335 2399 veuieudi
358 2332 479 2416 aliquo,
504 2333 568 2397 nisi
588 2331 680 2410 illud,
703 2332 861 2416 quadan,
884 2350 945 2414 quo
967 2332 1126 2411 intendas,
1148 2332 1230 2400 ierat

192 2622 196 2627 .
277 2578 368 2645 XXX.
400 2580 458 2635 134.
484 2580 633 2648 arrideas]
646 2578 789 2633 adridens
800 2577 850 2650 lig.
865 2578 904 2633 17.
916 2578 958 2632 70.
967 2578 1054 2634 73.-
1071 2575 1228 2647 quendam

189 2663 349 2736 quemdam
372 2662 422 2734 hg.
446 2662 487 2723 65.
533 2665 596 2727 1100
621 2673 648 2718 ei
678 2663 842 2733 quamdam
869 2662 981 2727 reficio,
1014 2661 1116 2730 quippe
1142 2661 1230 2715 miuus

188 2757 298 2815 testata,
314 2750 365 2801 etsi
376 2765 516 2817 quamque
527 2756 555 2801 ei
567 2746 664 2801 affinia
673 2748 771 2817 probo.
786 2778 817 2787 -
836 2763 902 2800 eam
912 2775 946 2784 -
958 2746 1032 2812 tam]
1051 2752 1114 2799 tom
1126 2774 1156 2785 -
1167 2751 1230 2799 tom

187 2833 237 2903 Lg.
255 2833 298 2887 36.
316 2896 319 2900 v
334 2849 401 2886 eam
418 2833 443 2885 l.
462 2831 504 2885 93.
522 2860 557 2872 --
580 2833 748 2902 quiequam]
765 2831 815 2901 hg.
835 2846 929 2883 omnes
946 2838 1057 2899 praeter
1074 2829 1100 2882 3.
1119 2828 1144 2884 6.
1164 2829 1229 2883 item

186 2917 259 2972 vict.
275 2945 312 2961 -·-
336 2923 399 2970 tam
416 2917 507 2982 aeria]
529 2932 596 2968 eam
612 2934 635 2971 a.
656 2917 708 2970 Gu.
728 2918 752 2970 l.
770 2945 805 2954 -
830 2914 969 2983 aaqeaam]
993 2915 1032 2968 sic
1049 2912 1098 2985 Lg.
1118 2922 1229 2984 praeter

187 3002 213 3055 5.
236 3031 268 3041 -
295 3000 488 3068 ammador]
515 3007 689 3068 exsequetur
713 2998 765 3070 Lg.
791 3000 816 3053 3.
845 2998 888 3053 33.
913 2999 956 3052 67.
979 2997 1014 3050 84
1041 3000 1079 3067 (s.
1101 2998 1227 3067 eaeqa).

187 3084 365 3153 adsequatur
387 3082 429 3136 76.
454 3091 669 3151 ⁴assequendam
693 3083 734 3138 86.
756 3113 787 3124 -·
819 3081 1033 3150 cohortandos]
1057 3080 1108 3151 Lg.
1133 3098 1229 3135 omnes

186 3177 297 3239 praeter
313 3166 355 3219 84,
369 3164 423 3231 Sd,
442 3167 506 3218 item
521 3167 573 3220 Gu.
587 3166 611 3221 3.
632 3166 847 3221 adhortandos.
878 3164 968 3218 Etiam
984 3167 1009 3220 6.
1032 3164 1228 3235 adortaados,

184 3251 228 3305 84.
251 3249 403 3304 ortandae<
422 3276 458 3292 ν-
482 3251 629 3322 iatadeqo]
642 3250 743 3328 scripsi
761 3267 797 3303 ex
815 3249 864 3319 Lg.
878 3248 918 3304 17.
930 3249 973 3304 65.
1009 3248 1096 3304 videa
1112 3248 1155 3304 36.
1174 3264 1228 3304 om.

186 3344 216 3388 et
233 3333 296 3389 add.
313 3333 356 3386 34.

272 3434 345 3488 iao„
366 3432 454 3500 asael]
472 3434 518 3487 aid
536 3389 586 3505 [ις.
603 3437 628 3490 3.
646 3436 690 3489 33.
708 3434 750 3489 67.
774 3458 810 3476 ·-
833 3433 973 3504 promont]
987 3437 1114 3504 passam
1133 3430 1184 3502 Lg.
1202 3433 1227 3487 6.

186 3520 222 3574 65
238 3535 308 3572 corr.
331 3547 363 3558 -
393 3517 542 3585 intendas]
569 3519 674 3572 tendas
699 3517 749 3589 hg.
771 3517 803 3571 81
824 3535 895 3573 corr.
921 3548 953 3558 —
982 3516 1084 3586 ferat]
1110 3514 1229 3585 deferat

186 3602 237 3674 Lg.
251 3602 370 3655 20corr.
392 3617 444 3655 om.
459 3601 494 3661 69
504 3601 565 3656 add.
583 3630 619 3643 ·-
640 3602 803 3672 quoddam]
822 3601 966 3671 quiddam
984 3600 1033 3671 lag.
1052 3600 1095 3657 81.
1113 3628 1149 3639 -
1170 3614 1230 3653 noa

186 3685 339 3756 qiaaodam
359 3692 412 3759 aut
424 3684 816 3757 pmraaoaditaml‘restitui
833 3684 905 3738 hunc
923 3685 1047 3740 codicum
1066 3683 1184 3738 omnium
1201 3690 1229 3736 ei
1343 3691 1346 3696 “

188 3770 335 3826 addente
352 3768 447 3823 Lamb.
467 3768 616 3823 verborum
634 3770 774 3833 ordinem3
800 3769 847 3822 ille
870 3770 973 3839 primus
997 3767 1147 3838 quandam
1169 3780 1229 3821 aaa

187 3861 240 3911 aad
259 3870 292 3924 p.
310 3851 397 3906 Male.
420 3868 448 3905 v.
467 3853 666 3925 explicationes
684 3854 719 3907 ad
739 3852 759 3908 l.
780 3852 826 3918 10,
845 3852 887 3907 39.
923 3859 1066 3922 quantam
1089 3868 1116 3920 p.
1136 3864 1228 3919 quao-

188 3938 260 3991 dam
277 3935 327 4007 ug.
345 3935 380 3989 85
397 3951 423 3989 v,
443 3951 469 3990 u.
488 3943 552 3990 ι-
576 3937 786 4008 peraoaditam
801 3935 842 3991 16.
869 3936 1058 3990 reconditam
1076 3934 1118 3988 63.
1131 3933 1174 3987 93.
1192 3962 1229 3976 ·-

188 4020 389 4086 adolescenti]
409 4017 621 4092 adal.Lg.<17.
641 4020 684 4077 32.
704 4021 744 4077 76.
766 4021 808 4076 73.
844 4019 1055 4076 adulescentula
1074 4016 1118 4073 65.
1153 4014 1228 4072 ada-

189 4105 345 4160 lassantem
365 4102 419 4159 Gu.
439 4102 462 4160 1.
723 4124 725 4133 s
