2968 4596
348 377 357 387 .
452 304 457 309 “
532 314 819 387 PRAEFATIO.
1129 341 1198 390 xvn

257 487 340 563 coa.
374 492 437 563 81.
475 488 706 564 Riccardianus
742 515 776 562 ιι.
808 492 898 564 558.
934 487 1199 567 membranaceus

154 642 253 714 torna
289 643 607 736 maxima¹scriptns
640 643 747 716 literis
781 639 1038 739 antiquioribus,
1075 656 1135 736 ut,
1169 651 1200 721 st

149 793 285 867 lacunas
312 792 466 883 haberet,
495 795 637 867 vetustis
662 793 884 867 accensendus
906 794 1087 871 videretur.

147 908 154 914 ι
252 941 338 1016 Cod.
366 945 427 1015 84.
455 942 686 1018 Riccardianus
714 969 748 1017 n.
772 947 861 1019 561.
891 944 1082 1019 chartaceus
1108 946 1197 1021 nullo

145 1097 272 1191 pretio.

255 1243 338 1317 cot.
364 1244 426 1315 85.
455 1240 687 1321 Riccardianus
713 1272 749 1319 ιι.
774 1247 862 1321 557.
892 1242 1087 1342 chartaceus
1108 1248 1197 1322 nulio

145 1399 255 1493 pretio
280 1397 421 1492 scriptus
448 1421 468 1470 a
492 1398 604 1476 1478.

254 1545 338 1620 Coi.
364 1548 425 1620 86.
455 1546 687 1622 Riccardianus
709 1572 743 1622 ιι.
772 1549 859 1622 559.
891 1546 1081 1622 chartaceus
1108 1549 1197 1623 nulio

149 1700 275 1793 pretio.

258 1847 338 1926 Cod.
361 1852 423 1930 93.
449 1849 694 1924 Laurentianus
721 1847 822 1942 plutei
841 1848 886 1921 L.
911 1871 947 1921 n.
972 1850 1031 1921 14.
1058 1851 1199 1946 scriptos

147 2026 182 2075 a.
216 2005 327 2077 1469.
359 2025 432 2075 curn
458 1967 783 2096 copiosissimus,
810 1995 932 2096 Angeli
957 1998 1127 2096 Politiani,
1161 2016 1197 2077 nt

145 2153 293 2226 Bandino
319 2155 450 2243 visum,
478 2176 574 2225 nanu
589 2137 760 2224 *exaratis

254 2303 547 2377 Laurentianorunn
575 2305 759 2375 accuratior
786 2304 907 2375 notitia·
922 2326 942 2374 a
960 2301 1105 2376 Bandino
1130 2306 1197 2398 peti

145 2465 282 2546 potest.
344 2451 575 2527 Recentionum
615 2453 655 2524 ad
694 2419 814 2550 probos
856 2454 929 2525 illos
973 2467 1007 2524 ct
1044 2467 1198 2527 vetustos

145 2601 306 2697 proxime
339 2600 465 2672 accedit
494 2600 567 2674 cod.
598 2604 684 2694 81.;
719 2603 884 2705 601193.
921 2613 1029 2671 autem
1058 2602 1199 2673 maxime

146 2775 228 2824 cum
256 2748 395 2846 Guelph.
420 2755 453 2825 1.
483 2751 560 2825 Par.
585 2753 655 2846 u,
693 2777 788 2850 quern
815 2754 847 2825 in
873 2751 975 2823 Bruto
1002 2747 1198 2824 emendando

139 2902 291 2986 contulit
312 2901 476 2993 Orellius,
513 2899 547 2975 ct
572 2927 646 2975 cum
675 2902 815 2976 editione
841 2901 985 2976 Romana
1011 2906 1195 2999 conspirat3

144 3077 218 3151 qua
242 3071 304 3143 re3
332 3055 362 3125 si
388 3052 427 3126 de
452 3054 585 3126 scholiis
614 3056 647 3126 in
663 3047 715 3125 eo
736 3054 879 3149 repertis
906 3053 991 3125 dicta
1012 3055 1196 3128 considera·

145 3228 240 3293 mus,
268 3208 332 3278 non
352 3203 436 3276 levis
460 3207 646 3278 coniectura
668 3204 833 3278 videbitur
857 3205 897 3277 ad
917 3202 1089 3302 editionem
1111 3205 1198 3277 illam

145 3354 368 3427 adornandam
398 3356 554 3449 scripturn
580 3356 692 3428 fnisse.
748 3355 924 3430 Praeterea
949 3358 1061 3428 varios
1087 3380 1196 3430 nunne-

143 3530 226 3578 ros·
245 3506 279 3575 in
317 3504 525 3619 collectaneis
565 3508 635 3580 suis
673 3511 797 3603 posuit·
821 3507 1101 3602 Lagomarsinus,
1143 3509 1198 3604 qui

144 3657 333 3750 scriptosnc
360 3680 401 3728 an
417 3659 598 3751 impressos
615 3636 715 3731 libros
742 3659 927 3755 significent
950 3659 1108 3731 incertum
1128 3672 1195 3730 cst.

144 3807 191 3881 Et
227 3831 381 3878 numeros
416 3808 544 3902 quidem
576 3809 640 3880 23.
669 3813 750 3882 24..
768 3812 910 3904 scriptos
944 3808 1086 3882 iudicare
1113 3810 1199 3880 veri·
1335 3822 1339 3831 '

145 3958 306 4050 similius,
335 3957 393 4029 sed
417 3958 482 4030 26.
507 3960 579 4054 ipse
605 3960 723 4032 alicubi
750 3963 920 4033 annotavit
940 3956 1205 4055 Lagonarsinus‘

146 4108 309 4203 Stephani
334 4109 508 4182 editionem
534 4110 733 4206 significare,
761 4112 823 4184 38.
849 4110 1008 4181 Iuntinam
1032 4102 1195 4187 Victorii3
