2938 4590
353 322 429 389 on
458 318 687 391 uerrere
712 317 837 388 erese
859 318 896 387 11.
919 320 971 387 71.
1097 320 1201 403 εκ

148 498 234 562 risus
265 491 421 560 6616661.
483 490 582 558 Huius
612 493 741 576 genem
773 500 822 556 est
850 489 964 576 plenus
994 485 1133 565 Nerius,
1164 498 1202 554 et:

150 616 241 679 iocus
265 611 525 677 estsimilisris:
553 609 686 692 Sapiens
707 612 737 673 6·
757 608 888 690 dcco,
915 618 1054 682 trenno,⁸
1072 614 1102 672 et
1129 605 1200 671 elie

149 729 312 816 permulto.
1226 780 1230 785 .

54 852 58 861 '
235 841 353 909 Lxxt.
374 842 448 910 386.
472 842 576 929 Saepe
598 844 692 909 etiarn
711 842 813 908 ieccte
835 841 994 908 concedas
1012 841 1200 907 adverserio

150 964 321 1049 idipsum,
349 960 431 1046 quod
452 959 510 1026 tibi
531 959 587 1026 ille
609 958 759 1026 detrahit:
786 969 820 1026 ut
844 958 879 1025 C.
902 957 1046 1035 Laetius,
1073 977 1143 1025 cunr
1165 959 1201 1023 ei

149 1081 278 1167 quidam
310 1078 394 1146 malo
420 1096 537 1161 genere
569 1087 661 1143 notus
693 1078 811 1143 dicere
841 1077 1001 1162 indignum
1027 1095 1101 1141 esse
1128 1077 1198 1141 suis
1314 1126 1317 1131 .

147 1197 343 1271 maioribus,
374 1196 415 1261 At
444 1195 581 1267 1666616,
612 1196 724 1280 inquit,
756 1207 792 1261 tc
822 1198 887 1261 tuis
916 1197 1040 1286 (116666.
1090 1191 1197 1279 Saepe

138 1318 249 1382 etiem
262 1313 467 1378 ‘renuntiose
493 1310 629 1377 ridicule
661 1312 819 1378 dinmtrrr:
851 1323 885 1379 ut
910 1310 956 1377 Μ.
979 1310 1107 1377 Cincius
1134 1330 1199 1397 quo

149 1434 203 1499 die
230 1432 334 1516 legem
366 1429 523 1495 dodonis
554 1439 586 1492 et
612 1429 791 1496 muneribus
820 1429 905 1506 tulit,
934 1449 1007 1496 cunr
1034 1427 1069 1494 G.
1097 1420 1199 1508 Cento

149 1550 320 1638 prodiisset
351 1557 382 1613 et
413 1548 492 1612 setis
524 1545 764 1624 contumeliose,
801 1547 886 1623 Quid
917 1551 994 1631 (crs,
1032 1546 1197 1613 61661663

151 1668 340 1754 quaesisset,
362 1676 399 1731 et
413 1683 508 1737 omns,
531 1664 639 1747 inquit,
663 1662 737 1736 Gai,
759 1666 952 1729 61666616.
995 1664 1069 1730 387.
1092 1663 1199 1750 Saepe

152 1787 249 1850 etiem
270 1782 357 1850 saise
379 1801 460 1869 quoe
482 1780 550 1847 freri
571 1798 634 1846 uon
655 1789 786 1866 possunt
807 1789 963 1866 optentur:
985 1790 1018 1846 nt
1038 1779 1085 1845 Μ.
1101 1779 1198 1866 Lepi-

151 1899 227 1979 dus,
261 1921 330 1966 cum
356 1901 469 1965 ceteris
501 1900 534 1962 in
561 1916 670 1985 campo
698 1896 915 1963 exercentibus
942 1900 975 1962 in
1001 1896 1101 1963 herbe
1126 1900 1194 1986 ipse

150 2017 361 2095 recubuisset,
393 2019 502 2083 Vellem
528 2019 586 2082 boo
607 2026 698 2089 esset,
727 2016 838 2101 inquit,
866 2016 1022 2081 laborare.
1067 2012 1197 2083 Salsum

152 2146 202 2203 est
227 2138 320 2202 etiem
343 2133 564 2221 quaerentibus
589 2144 622 2199 et
649 2135 740 2230 quusi
760 2132 1015 2220 percontantibus
1036 2130 1120 2200 lente
1145 2154 1199 2200 re-

156 2364 693 2436 8111661663.36.,66166611166.
714 2364 785 2419 Stre.
820 2364 875 2419 Atti
891 2365 999 2433 quidam
1012 2343 1094 2428 cille,
1113 2365 1198 2435 cpite,
1274 2334 1277 2339 Ι

108 2514 112 2521 ¹
153 2449 231 2505 stile.
247 2478 282 2491 ν-
306 2451 423 2518 annuit]
440 2450 547 2503 adnuit
564 2448 608 2502 hic
625 2458 653 2501 et
670 2450 753 2517 penio
772 2449 843 2501 inira
858 2447 909 2518 Lg.
930 2448 969 2502 17.
987 2449 1029 2504 65.
1048 2449 1089 2503 76.
1107 2449 1198 2504 73.-

154 2531 308 2602 obrueret]
330 2531 461 2588 obruere
478 2532 530 2604 Lg.
547 2533 573 2588 3.
590 2533 624 2588 35
642 2549 712 2585 corr.
732 2531 775 2585 36.
806 2532 993 2587 6666661133.
1011 2561 1047 2574 -
1072 2533 1201 2607 Nonius}
1294 2548 1301 2553 ·

153 2636 181 2674 v.
201 2614 237 2670 od
254 2617 304 2683 69,
319 2617 378 2672 373.
396 2647 432 2659 -
461 2624 490 2671 et
512 2621 595 2672 docus
615 2617 678 2688 est]
703 2616 784 2672 locus
807 2617 858 2671 Gu.
876 2617 902 2669 3.
928 2617 978 2689 ng.
999 2628 1109 2687 praeter
1127 2618 1152 2673 3.
1171 2619 1198 2674 6.

152 2702 196 2757 nt.
216 2701 259 2757 65.
272 2701 315 2756 67.
333 2702 375 2757 69.
395 2703 436 2757 76.
457 2702 498 2757 73.
515 2703 557 2757 31
586 2708 615 2756 et
631 2720 683 2756 orn.
700 2701 752 2773 Lg.
767 2702 791 2756 3.
808 2702 834 2756 6.
852 2701 894 2755 35.
912 2701 956 2756 36.
973 2703 1016 2757 65.
1033 2701 1075 2757 69.
1093 2702 1136 2756 61.
1153 2704 1197 2760 st.
1301 2772 1304 2777 Ι

152 2786 197 2842 93.
218 2795 247 2840 et
264 2792 310 2841 est
331 2804 382 2856 pro
401 2793 431 2840 et
451 2786 554 2841 irubcnt
569 2786 640 2843 Vict.
664 2786 715 2842 Gu.
736 2787 760 2841 1.
784 2786 836 2858 Lg.
853 2787 879 2841 5.
901 2787 942 2843 14.
965 2786 1067 2842 11116.
1091 2788 1134 2844 36.
1153 2788 1197 2845 31.

152 2872 195 2928 33.
214 2873 257 2925 ts.
276 2872 317 2927 67.
340 2872 381 2926 76.
401 2871 441 2926 73.
460 2872 502 2925 66.
756 2895 760 2907 ·
873 2876 876 2884 ’

93 2952 96 2956 ’
240 2955 340 3012 LXXI.
376 2956 435 3011 386.
457 2954 601 3025 bernole]
624 2954 721 3009 terete
745 2955 795 3027 ng.
813 2955 838 3011 3.
864 2956 991 3012 17166-
1022 2961 1200 3011 sententiose

152 3040 296 3110 ridicula]
316 3045 496 3115 sententioso
513 3040 565 3111 bg.
584 3040 624 3094 17.
657 3038 784 3094 66116616
803 3041 842 3097 lt.
863 3072 894 3082 ·-
922 3040 1056 3110 Cincius]
1077 3041 1200 3097 0166166
1262 3070 1268 3081 ,

89 3124 95 3132 '
153 3124 204 3196 Lg.
223 3123 250 3178 3.
268 3124 311 3179 36.
342 3124 677 3181 consuessent-
702 3142 759 3195 quo
778 3126 840 3197 dic]
858 3126 937 3197 quod
954 3130 984 3182 ct
1006 3126 1076 3180 Vict
1101 3126 1152 3181 Gn.
1172 3127 1196 3182 l.

153 3207 204 3280 Lg.
225 3216 336 3279 praeter
351 3209 376 3263 6.
394 3210 436 3265 93,
457 3227 570 3280 quorum
588 3210 664 3280 prior
681 3213 733 3278 qui
749 3219 776 3265 et
795 3228 848 3266 our.
868 3212 925 3266 die.
943 3241 978 3250 -
996 3210 1094 3282 donis]
1113 3210 1197 3266 bonis

153 3291 204 3364 ng.
223 3294 259 3346 36
276 3311 345 3348 corr.
365 3295 397 3347 31
416 3313 487 3350 corr.
506 3295 549 3350 33.
581 3296 699 3348 domnis
721 3294 774 3349 Gn.
794 3295 816 3348 1.
838 3325 869 3335 -
901 3293 1006 3366 Cento]
1028 3294 1137 3350 dubium
1156 3306 1198 3349 est

92 3406 117 3451 ,-
154 3394 190 3431 eu
208 3395 265 3432 non
284 3380 386 3438 rectius
402 3379 537 3433 scribatur
557 3377 683 3443 Centbo,·
709 3387 782 3432 certe
805 3396 861 3432 non
883 3379 993 3448 excepit
1010 3378 1105 3433 Cicero
1126 3379 1197 3434 Ma·

155 3466 255 3515 donem
277 3473 306 3517 et
327 3462 454 3518 Otoncm
473 3482 608 3519 excusans
625 3449 677 3520 06]
694 3464 743 3530 18,
762 3463 836 3526 loo,
859 3472 887 3518 et
908 3463 1006 3534 iegitur
1028 3462 1115 3517 sorore
1135 3482 1198 3519 cunr

78 3588 83 3593 .
156 3547 324 3614 respiratione
337 3548 422 3609 seusei
436 3550 463 3601 16
476 3550 655 3619 inscriptione
668 3566 695 3617 p.
707 3548 766 3601 393.
779 3546 896 3610 (166663
914 3540 1001 3601 altero
1014 3565 1204 3619 66666661.---4

153 3630 336 3702 prodiisset]
359 3633 470 3686 servari
493 3633 618 3686 omuibus
636 3633 703 3686 roeis
721 3631 796 3684 libris
814 3630 968 3685 iubentibus
985 3643 1095 3702 praeter
1112 3634 1198 3700 Vtcc.;

156 3711 358 3771 chrichseuos
376 3716 540 3788 prodisset.
562 3745 598 3757 -
634 3713 777 3784 Cincdolc]
811 3714 936 3770 Ctntc'ole
962 3719 1071 3788 quidem
1101 3719 1200 3785 codd.;

156 3799 267 3867 gravius
279 3800 325 3853 olii
342 3808 459 3871 peccent
473 3800 637 3855 6166111666
654 3804 851 3855 consi-sionem
868 3802 976 3872 aliaque
988 3802 1114 3859 ‘obsurdc
1130 3822 1200 3874 pree

156 3899 187 3935 se
204 3882 332 3939 ferentes.
350 3914 385 3924 -
410 3882 482 3955 (161]
499 3885 607 3954 scripsi,
624 3892 653 3938 ut
671 3886 802 3956 oportuit,
822 3903 976 3956 quiunquam
994 3904 1028 3942 ex
1046 3888 1153 3943 duobus
1170 3897 1198 3942 et

156 3967 296 4035 ,66666
313 3968 390 4021 risos
407 3968 458 4038 eg.
474 3967 513 4023 rr.
534 3967 585 4023 uu.
605 3968 628 4025 1.
646 3996 682 4010 -
704 3971 732 4023 6
749 3970 809 4041 uu]
827 3975 856 4025 6·
871 3978 904 4026 cc
924 3970 974 4042 ng.
993 3973 1034 4027 ro.
1055 4003 1086 4011 -
1111 3960 1218 4040 setcsl'

156 4051 223 4105 ocltt
245 4052 297 4122 Lg.
318 4052 360 4105 70.
742 4082 745 4087 ·

209 4135 214 4140 ”
238 4136 300 4206 nst„
337 4135 489 4209 laborare]
516 4135 672 4192 elaborare
693 4137 744 4213 lpg.
764 4139 806 4195 36.
825 4139 868 4193 76.
901 4138 985 4190 eldad.
1011 4137 1049 4189 17.
1068 4161 1103 4174 -·
1126 4150 1209 4204 per-p
