2938 4590
393 296 453 362 DE
481 295 708 367 dunione
734 296 859 363 LIBER
882 294 994 364 1156.
1124 296 1220 369 0ss
1311 392 1314 399 .

178 469 297 546 rarum]
320 463 439 532 Crasso
461 466 621 532 detulisse.
664 464 739 531 228.
762 463 842 530 Tum
863 463 1032 541 Antonius,
1055 461 1125 548 Ego
1146 483 1222 531 veru

178 587 226 651 ita
246 585 403 661 fecissem,
425 585 537 669 inquit,
560 584 623 649 nisi
644 583 797 648 interdum
818 584 852 648 in
873 581 933 649 luen
955 580 1074 677 (lrasse
1095 581 1221 667 paulum

97 726 103 733 ·
134 706 138 711 “
179 701 360 768 inviderem.
391 697 471 766 Nam
493 720 565 765 esse
584 701 725 785 quanm
747 699 883 765 facetum
905 707 996 785 atque
1019 698 1137 764 salsum
1158 718 1222 765 nen

178 821 273 884 nimis
295 827 343 882 est
362 836 419 903 per
440 837 475 883 se
497 820 597 904 ipsum
619 817 833 894 invidendum
855 817 911 882 sed
934 832 1003 882 eum
1025 819 1160 882 emnium
1181 818 1223 881 sit

169 935 416 1002 ,venustissimus
448 944 479 999 et
504 934 746 1012 urbanissimus,
778 935 914 1001 omnium
944 934 1164 1018 gravissimum
1190 941 1221 999 et

179 1053 413 1118 severissimum
435 1060 465 1115 et
486 1070 559 1116 esse
581 1062 611 1116 et
631 1052 747 1128 videri,
769 1051 851 1137 quud
873 1051 927 1115 isti
948 1051 1077 1134 contigit
1098 1051 1165 1127 uni,
1187 1048 1221 1115 id

152 1167 254 1257 'milui
280 1169 333 1234 rix
357 1167 519 1233 ferendum
544 1167 716 1233 videbatur.
773 1169 847 1233 226.
877 1165 937 1232 Hie
963 1186 1032 1233 eum
1060 1167 1222 1232 arrisisset

179 1288 246 1373 ipse
270 1283 423 1350 Crassus:
446 1283 605 1362 Attamen,
629 1286 726 1370 inquit
747 1284 911 1362 Antonius,
934 1304 1004 1351 eum
1026 1293 1125 1350 artem
1146 1303 1220 1350 esse

78 1474 81 1483 ,
178 1403 379 1480 facetiarum,
401 1399 469 1478 Iuli,
492 1400 588 1466 ullam
610 1420 760 1485 negares,
783 1403 931 1487 aperuisti
953 1402 1114 1487 quiddam,
1137 1399 1221 1487 qued

178 1518 432 1606 praecipiendum
462 1517 593 1583 uidetur.
654 1514 773 1582 Haberi
812 1519 894 1582 euim
929 1519 1035 1583 dixisti
1067 1520 1221 1585 rationem

152 1678 156 1689 ·
179 1645 324 1722 opertere
345 1633 502 1700 huminum
527 1636 576 1698 rei
595 1635 758 1719 temperis,
784 1652 824 1698 ue
847 1633 921 1719 quid
941 1636 1031 1699 iocus
1056 1633 1094 1698 de
1115 1636 1222 1718 grad

181 1852 210 1907 ln
230 1851 327 1920 quibus
346 1858 389 1903 est
398 1850 573 1922 paululum,
594 1859 622 1907 et
637 1850 679 1904 24.
698 1849 743 1920 qui
761 1866 814 1904 om.
849 1848 943 1903 Verba
962 1847 996 1903 ab
1016 1852 1047 1903 iu
1065 1846 1120 1903 hoe
1137 1866 1223 1919 usque

180 1937 216 1989 ad
234 1936 424 1989 invidendum
440 1935 539 1992 absunt
556 1953 573 1991 a
589 1934 640 1990 Gu.
660 1934 685 1992 3.
704 1963 739 1973 -
762 1935 909 2007 quamvls]
927 1938 1071 2003 quemvis,
1090 1940 1221 2004 perennis,

180 2024 281 2092 quevis
302 2020 350 2091 ng.
368 2019 447 2084 XXI,
473 2037 587 2089 quornm
611 2037 646 2073 ex
670 2019 778 2089 optimis
801 2027 844 2073 est
860 2018 918 2085 32,
941 2018 1004 2072 item
1028 2018 1079 2073 Gu.
1100 2018 1221 2075 12.-

138 2097 144 2109 ¹
179 2122 246 2160 eum
265 2109 395 2158 emulum
413 2106 469 2172 sit]
487 2109 530 2159 sis
547 2105 679 2176 perpauci
696 2104 793 2170 codd,
811 2103 899 2159 Havn.
914 2104 975 2159 1.2.
1001 2103 1054 2158 Gu.
1071 2103 1093 2160 1.
1117 2103 1168 2176 mg.
1185 2105 1220 2158 84
1260 2098 1267 2109 ”

157 2194 160 2199 ’
179 2191 221 2260 (nt
235 2188 284 2261 Lg.
301 2189 350 2258 6.),
368 2190 452 2242 etsie
470 2189 552 2260 vulgo
570 2188 604 2242 ab
622 2189 692 2242 Aldu
711 2188 746 2241 ad
763 2188 843 2253 Selr.;
862 2189 1039 2245 restituerunt
1057 2187 1106 2243 Or.
1125 2188 1221 2256 Herm,

178 2273 249 2327 salsa
262 2274 414 2343 elegantiae
425 2272 517 2341 speeie
531 2273 647 2342 decepti.
673 2271 736 2331 Qua
748 2272 782 2324 de
794 2288 825 2324 re
840 2258 993 2329 ceterorum
1009 2272 1089 2326 codd.
1103 2274 1221 2325 omniurn

178 2357 324 2417 consensui
336 2355 436 2408 cedere
452 2356 526 2408 iussi.
552 2354 643 2407 Etiam
660 2354 712 2410 Gu.
726 2356 751 2408 3.
770 2358 819 2409 stt.
845 2354 971 2408 Ceterum
990 2355 1068 2423 quod
1086 2372 1137 2424 pru
1155 2372 1221 2408 enm

179 2439 230 2511 bg.
243 2456 337 2492 omnes
350 2448 461 2507 praeter
469 2437 511 2490 35.
524 2437 567 2492 81.
579 2437 622 2490 ut.
634 2437 687 2502 93..
702 2437 774 2489 unde
787 2438 906 2505 suspicio
919 2436 1038 2491 nascitur
1050 2438 1222 2494 scribendum
1245 2477 1251 2482 -

180 2540 278 2595 quom,
314 2521 394 2591 quod
410 2537 477 2572 enm
494 2524 546 2590 qul
563 2519 614 2591 Lg.
632 2519 675 2574 93.
694 2521 756 2592 edd.
775 2520 912 2588 antiquiss.
930 2550 966 2560 -
996 2522 1222 2591 cunthit1cert·

178 2611 271 2679 tuapte
286 2604 375 2665 (11.2,
395 2604 445 2675 mg.
458 2604 483 2658 2.
495 2607 520 2657 4.
531 2606 556 2659 5.
571 2603 611 2659 16.
625 2603 666 2659 20.
680 2604 723 2657 21.
736 2604 778 2661 24.
792 2602 833 2660 36.
847 2603 889 2660 65.
903 2605 943 2660 76.
957 2605 999 2659 73.
1012 2604 1053 2659 76.
1065 2605 1107 2658 86.
1132 2605 1223 2659 Paulo
1245 2608 1249 2616 ⁴

133 2689 136 2693 ’
178 2701 244 2750 aute
262 2689 334 2760 quid
351 2688 403 2744 Gn.
424 2689 447 2744 1.
465 2717 500 2730 ·-
526 2689 574 2757 id]
593 2706 645 2749 om.
663 2687 713 2760 Lg.
734 2688 877 2759 plerique,
894 2705 945 2740 uec
962 2697 1053 2743 tamen
1069 2690 1111 2745 35.
1124 2690 1167 2744 81.
1179 2690 1222 2745 64.

265 2774 325 2829 229.
361 2772 1011 2845 Μῶμον-1161111824.1332601136.
1043 2774 1223 2829 Scribendurn

178 2860 290 2921 videtur
306 2875 401 2929 quom.
422 2875 475 2913 orn.
494 2858 602 2930 Lg.17.
622 2889 653 2898 -
683 2859 853 2926 arrisisset]
878 2858 971 2912 uultus.
988 2856 1038 2929 Lg.
1057 2859 1099 2914 65.
1117 2860 1160 2914 dl.
1180 2859 1223 2913 76.

177 2945 220 3006 73.
239 2976 269 2985 -
300 2947 364 3016 ipse
385 2941 522 3010 Crassus]
543 2947 608 3015 ipse
626 2944 716 2996 omisit
732 2941 833 3007 ileum,
857 2949 886 2994 ut
902 2942 992 2997 lluvn.
1015 2942 1036 2997 1.
1055 2943 1080 2998 2.
1103 2945 1223 3013 quinque

178 3026 234 3083 (lx.
258 3027 309 3083 Gu.
331 3028 353 3083 1.
372 3028 397 3081 2.
417 3027 480 3081 Α16.
498 3026 567 3081 lunt.
585 3027 658 3082 Crat.
678 3026 743 3082 Sch.
780 3027 836 3080 Sed
854 3027 958 3081 addunt
974 3027 1025 3099 Lg.
1046 3044 1141 3083 omues
1159 3028 1222 3084 edd.

177 3113 262 3182 antiq.
281 3110 358 3167 Man,
377 3110 472 3165 bamb.
494 3111 570 3166 Grut.
589 3110 655 3166 Eru.
676 3108 726 3166 Or.
751 3129 778 3166 v.
798 3111 1003 3182 explicationes.
1016 3140 1053 3153 ›-
1076 3114 1222 3182 attamen]

180 3197 324 3251 adtamen
347 3193 400 3266 Lg.
419 3196 462 3249 65.
483 3196 525 3250 71).
563 3213 599 3249 ae
623 3203 722 3249 tumen
746 3196 796 3250 Gu.
817 3196 840 3251 1.
859 3198 884 3252 3.
920 3204 955 3250 at
977 3203 1076 3250 tamea
1097 3198 1169 3252 Vlet.
1187 3227 1224 3240 —-

180 3281 274 3335 ullam
293 3281 430 3351 nequires]
447 3280 555 3344 ullam,
576 3274 651 3351 quod
666 3281 750 3351 vulgo
769 3280 847 3343 abest
864 3289 892 3333 et
910 3281 985 3349 quod
1004 3281 1141 3349 quomodo
1160 3291 1224 3352 pust

157 3412 162 3417 .
181 3364 243 3418 rure
260 3365 393 3418 exciderit
410 3364 524 3435 intelligi
541 3372 647 3434 potest,
672 3364 810 3432 quemodo
832 3364 895 3417 uddl
912 3366 1033 3434 potuerit
1051 3382 1106 3419 uon
1123 3374 1224 3436 potest,
1289 3354 1293 3359 ⁴

179 3450 285 3502 restitui
304 3448 451 3502 seeundum
469 3448 518 3518 Lg.
532 3448 558 3502 2,
573 3450 597 3504 3.
609 3447 638 3511 ,5.
654 3448 679 3502 6.
701 3448 740 3502 13.
762 3449 802 3504 lt.
823 3447 863 3503 16.
885 3448 924 3504 17.
942 3448 984 3508 m),
1002 3448 1044 3501 21.
1062 3447 1104 3502 24.
1121 3450 1164 3504 35.
1179 3451 1221 3506 36.

179 3531 224 3585 65.
240 3532 284 3588 67.
302 3532 345 3586 69.
363 3532 405 3589 70.
425 3532 466 3594 73.
486 3532 527 3589 76.
545 3532 588 3587 63.
612 3532 650 3585 ita
665 3549 724 3586 var.
743 3533 785 3587 81.
822 3531 905 3585 nulla
922 3533 939 3584 4
958 3548 1028 3587 cerr.
1046 3532 1174 3598 nnllam,
1194 3543 1225 3589 ut

178 3625 221 3670 est
238 3617 266 3670 ln
281 3618 321 3672 15.
348 3615 452 3680 ullam,
470 3618 571 3670 omisso
585 3616 647 3670 lull
662 3614 732 3670 Vict.
754 3616 805 3670 Gn.
821 3616 846 3672 3.
875 3615 916 3669 lta
933 3616 1105 3670 scribendum
1122 3619 1225 3672 iudicat

178 3699 300 3766 Bnkius3
318 3703 366 3756 illo
383 3702 454 3756 enlm
472 3701 582 3754 nomine
595 3699 739 3777 Caesarem
757 3701 785 3752 iu
802 3699 855 3753 lroc
871 3701 1009 3770 colloquio
1026 3717 1159 3771 nusquam
1176 3721 1224 3774 ap-

175 3784 286 3856 pellari.
322 3786 380 3840 Sed
398 3786 498 3839 dicitur
514 3793 605 3838 tamem
622 3783 706 3853 pundo
723 3793 786 3854 post
805 3801 828 3838 c.
846 3784 894 3851 58,
911 3785 978 3840 itate
1003 3788 1100 3855 lnquit
1117 3786 1224 3850 Iullus,

178 3870 253 3938 qued
272 3887 327 3924 nou
345 3871 430 3940 magis
447 3869 546 3938 legitur
562 3875 673 3937 praeter
692 3866 763 3921 hunc
780 3869 879 3924 locum.
898 3901 932 3909 —
958 3869 1088 3937 uidetur]
1105 3872 1145 3924 sic
1163 3887 1224 3924 eom

177 3955 238 4007 rexi
256 3954 396 4026 vulgatum
414 3953 564 4007 videretur
582 3969 616 4005 eu
635 3950 684 4023 mg.
703 3952 729 4007 2.
747 3955 771 4007 4.
792 3954 832 4015 13.
857 3954 977 4008 326011.
996 3953 1038 4008 36.
1056 3953 1098 4008 dt.
1125 3953 1177 4008 Gu.
1196 3955 1223 4009 3.

178 4038 391 4109 iteruLg.15.,
415 4039 515 4105 luquo
537 4046 578 4090 est
601 4055 664 4091 esse
685 4037 812 4092 uidetur.
848 4037 909 4091 lloe
926 4038 998 4092 euim
1020 4036 1056 4088 ad
1073 4036 1145 4089 illam
1164 4036 1224 4090 lulli
1259 4052 1262 4061 ⁸

180 4122 333 4184 orationem
357 4122 465 4179 minime
486 4123 622 4193 pertinet,
643 4121 692 4176 sed
710 4122 830 4176 Antonio
855 4123 908 4191 ipsi
926 4122 1081 4193 loquentem
1104 4117 1226 4175 audienti
